Gmt time,Ask,Bid,AskVolume,BidVolume
24.06.2024 00:00:00.190,7.45896,7.458419999999999,1000,1400
24.06.2024 00:00:00.994,7.4589,7.458420000000003,800,1200
24.06.2024 00:00:01.546,7.45892,7.4583999999999975,600,700
24.06.2024 00:01:16.955,7.45891,7.458410000000006,1200,600
24.06.2024 00:01:18.157,7.45901,7.458419999999995,700,500
24.06.2024 00:01:20.162,7.458990000000001,7.458419999999995,1200,1100
24.06.2024 00:01:24.173,7.45906,7.458440000000002,900,800
24.06.2024 00:01:26.929,7.459030000000001,7.458439999999995,1100,1000
24.06.2024 00:01:27.129,7.45913,7.458459999999999,900,400
24.06.2024 00:01:27.180,7.459160000000001,7.458520000000005,1200,600
24.06.2024 00:01:27.231,7.4591400000000005,7.458530000000001,500,600
24.06.2024 00:01:27.632,7.459210000000001,7.458570000000001,1000,600
24.06.2024 00:01:27.682,7.4593500000000015,7.458650000000002,700,1000
24.06.2024 00:01:27.733,7.45936,7.4587100000000035,1400,900
24.06.2024 00:01:28.236,7.4593799999999995,7.4587299999999965,700,1300
24.06.2024 00:01:30.140,7.45933,7.458770000000002,1300,1300
24.06.2024 00:01:30.942,7.45939,7.458779999999998,1200,700
24.06.2024 00:01:41.578,7.459420000000001,7.4587900000000005,800,1400
24.06.2024 00:01:45.986,7.45938,7.45882,1100,1100
24.06.2024 00:01:46.388,7.45939,7.458809999999998,800,600
24.06.2024 00:01:46.439,7.45943,7.458800000000002,600,1100
24.06.2024 00:01:51.702,7.45943,7.458800000000001,500,700
24.06.2024 00:01:53.257,7.4594000000000005,7.458790000000002,900,700
24.06.2024 00:01:57.370,7.45929,7.458779999999996,1200,1100
24.06.2024 00:01:57.572,7.4594000000000005,7.458789999999995,400,400
24.06.2024 00:01:57.623,7.45932,7.458779999999996,1000,1000
24.06.2024 00:01:58.426,7.459370000000001,7.458790000000002,600,1000
24.06.2024 00:02:03.136,7.45936,7.458819999999999,1200,900
24.06.2024 00:02:03.186,7.459360000000001,7.4588,600,600
24.06.2024 00:02:05.493,7.459350000000001,7.4587800000000035,1400,800
24.06.2024 00:02:05.594,7.4593500000000015,7.458789999999994,800,500
24.06.2024 00:02:06.396,7.459320000000001,7.458780000000001,1100,1000
24.06.2024 00:02:06.446,7.459370000000001,7.458789999999995,500,1300
24.06.2024 00:02:06.948,7.459370000000001,7.458779999999999,600,600
24.06.2024 00:02:08.250,7.459360000000001,7.458790000000004,700,500
24.06.2024 00:02:08.602,7.459350000000001,7.4587800000000035,900,1400
24.06.2024 00:02:10.655,7.459330000000001,7.458790000000002,600,600
24.06.2024 00:02:28.890,7.45932,7.458810000000003,900,600
24.06.2024 00:02:28.991,7.45936,7.458789999999998,500,1200
24.06.2024 00:02:30.395,7.459320000000001,7.458810000000006,1200,1200
24.06.2024 00:02:30.596,7.45938,7.458840000000004,1000,800
24.06.2024 00:02:40.370,7.45936,7.458819999999999,800,800
24.06.2024 00:02:44.151,7.4593500000000015,7.4588000000000045,1300,500
24.06.2024 00:02:44.252,7.4593300000000005,7.45878,900,400
24.06.2024 00:02:47.013,7.459360000000001,7.4587900000000005,900,800
24.06.2024 00:02:47.264,7.459250000000002,7.458769999999998,400,1000
24.06.2024 00:02:47.414,7.459199999999999,7.4587500000000055,1400,600
24.06.2024 00:02:47.666,7.45929,7.45876,900,800
24.06.2024 00:02:47.767,7.459289999999999,7.458749999999999,700,900
24.06.2024 00:02:47.867,7.45925,7.458759999999999,1300,1300
24.06.2024 00:02:49.269,7.459249999999999,7.458749999999996,900,700
24.06.2024 00:02:49.320,7.45928,7.458759999999998,800,600
24.06.2024 00:02:49.570,7.459269999999999,7.458749999999998,500,1000
24.06.2024 00:02:52.275,7.45928,7.458759999999996,1200,900
24.06.2024 00:02:52.476,7.459270000000001,7.458760000000003,400,900
24.06.2024 00:02:52.527,7.45923,7.45876,600,700
24.06.2024 00:02:52.677,7.45921,7.458749999999996,1200,600
24.06.2024 00:03:04.004,7.459220000000001,7.45877,900,1200
24.06.2024 00:03:04.254,7.45926,7.458749999999999,1100,1000
24.06.2024 00:03:06.259,7.45925,7.458760000000002,400,1400
24.06.2024 00:03:18.240,7.459270000000001,7.458770000000002,500,1200
24.06.2024 00:03:20.268,7.4593,7.458759999999996,1200,600
24.06.2024 00:03:27.033,7.45932,7.458780000000005,1000,1200
24.06.2024 00:03:29.590,7.45936,7.458780000000003,700,800
24.06.2024 00:03:30.142,7.459250000000002,7.458770000000005,1200,500
24.06.2024 00:03:30.395,7.459280000000001,7.458769999999996,600,1000
24.06.2024 00:03:30.546,7.459300000000002,7.458769999999995,400,1200
24.06.2024 00:03:34.251,7.459280000000001,7.458770000000006,1100,1300
24.06.2024 00:03:44.175,7.45928,7.458759999999998,1000,1200
24.06.2024 00:03:44.276,7.45931,7.4587699999999995,1200,800
24.06.2024 00:03:44.527,7.45925,7.458759999999996,800,500
24.06.2024 00:03:44.728,7.459270000000001,7.458769999999996,1400,800
24.06.2024 00:03:45.280,7.45929,7.4587600000000025,1100,600
24.06.2024 00:03:46.282,7.459250000000001,7.458770000000006,1100,1100
24.06.2024 00:04:01.249,7.459300000000001,7.458780000000002,600,900
24.06.2024 00:04:01.702,7.4593,7.4587800000000035,1300,900
24.06.2024 00:04:02.153,7.4593300000000005,7.4587800000000035,800,1300
24.06.2024 00:04:12.327,7.4593500000000015,7.458789999999999,600,500
24.06.2024 00:04:13.380,7.45931,7.458780000000003,1100,700
24.06.2024 00:04:15.284,7.459370000000001,7.458790000000005,1200,1100
24.06.2024 00:04:30.673,7.45936,7.458779999999999,1300,1000
24.06.2024 00:04:32.527,7.459350000000001,7.458770000000003,900,1000
24.06.2024 00:04:32.678,7.459320000000001,7.458779999999996,1300,800
24.06.2024 00:04:32.729,7.459280000000001,7.4587699999999995,800,1000
24.06.2024 00:04:32.780,7.45936,7.458780000000005,700,1000
24.06.2024 00:04:43.559,7.459310000000001,7.458790000000005,500,600
24.06.2024 00:05:13.131,7.459280000000001,7.4587800000000035,800,900
24.06.2024 00:05:14.385,7.459400000000001,7.458789999999997,1000,800
24.06.2024 00:05:30.136,7.4593300000000005,7.458780000000006,1300,1300
24.06.2024 00:05:30.487,7.459370000000001,7.458789999999998,900,800
24.06.2024 00:05:36.500,7.45931,7.458789999999998,1100,1300
24.06.2024 00:05:38.106,7.459400000000001,7.458789999999999,1100,1200
24.06.2024 00:05:40.111,7.459300000000001,7.4587800000000035,900,1100
24.06.2024 00:05:42.567,7.459330000000001,7.458789999999997,800,700
24.06.2024 00:05:50.233,7.459330000000001,7.458770000000001,500,1300
24.06.2024 00:05:50.785,7.45936,7.458749999999998,700,400
24.06.2024 00:05:54.444,7.45937,7.4587499999999975,1200,700
24.06.2024 00:06:40.729,7.459310000000001,7.458740000000004,800,800
24.06.2024 00:06:41.535,7.4593,7.45875,600,1200
24.06.2024 00:06:43.539,7.459260000000001,7.4587400000000015,1300,900
24.06.2024 00:06:43.990,7.4593,7.458750000000003,1300,800
24.06.2024 00:06:48.017,7.459260000000001,7.458739999999999,1200,1000
24.06.2024 00:06:51.125,7.4593,7.4587499999999975,1300,500
24.06.2024 00:06:52.980,7.45927,7.458739999999998,1000,500
24.06.2024 00:06:56.588,7.45926,7.458739999999998,400,800
24.06.2024 00:07:28.922,7.459280000000001,7.458739999999999,400,800
24.06.2024 00:07:43.007,7.45935,7.458750000000002,900,900
24.06.2024 00:07:44.912,7.459250000000002,7.45873,1000,900
24.06.2024 00:07:48.568,7.45919,7.4587100000000035,500,700
24.06.2024 00:07:51.026,7.459199999999999,7.458709999999996,1200,700
24.06.2024 00:07:51.979,7.45924,7.458710000000002,900,1300
24.06.2024 00:07:52.981,7.45922,7.458700000000003,1200,600
24.06.2024 00:07:54.083,7.459210000000001,7.4587099999999955,1300,800
24.06.2024 00:07:57.591,7.459250000000002,7.458730000000004,1400,800
24.06.2024 00:07:58.195,7.459210000000001,7.45872,700,500
24.06.2024 00:07:58.547,7.459240000000001,7.458729999999999,1100,1100
24.06.2024 00:08:02.203,7.45924,7.458739999999999,700,600
24.06.2024 00:08:05.561,7.459250000000002,7.458730000000005,1000,1200
24.06.2024 00:08:06.114,7.459320000000001,7.45875,700,1100
24.06.2024 00:08:06.816,7.459310000000001,7.458729999999998,1000,1300
24.06.2024 00:08:08.068,7.4593300000000005,7.458740000000002,800,1400
24.06.2024 00:08:13.277,7.459230000000002,7.458729999999998,1000,500
24.06.2024 00:08:15.467,7.45929,7.458739999999998,1300,400
24.06.2024 00:08:18.575,7.45928,7.458749999999995,1300,1100
24.06.2024 00:08:19.027,7.45929,7.45874,900,600
24.06.2024 00:08:22.986,7.45937,7.458750000000003,1200,500
24.06.2024 00:08:33.010,7.45929,7.458739999999999,1100,1100
24.06.2024 00:08:35.567,7.45933,7.458750000000005,1300,900
24.06.2024 00:08:36.068,7.45929,7.458740000000001,1300,1200
24.06.2024 00:08:37.021,7.45934,7.458749999999998,900,600
24.06.2024 00:08:45.291,7.45931,7.458749999999996,1000,1000
24.06.2024 00:08:47.295,7.4593,7.458750000000003,600,1200
24.06.2024 00:08:58.322,7.4592600000000004,7.458740000000001,900,1300
24.06.2024 00:08:59.325,7.4592100000000015,7.458729999999996,700,1100
24.06.2024 00:09:00.077,7.45929,7.458750000000002,500,1000
24.06.2024 00:09:01.581,7.459270000000001,7.458730000000006,1100,1100
24.06.2024 00:09:03.286,7.4593300000000005,7.458739999999998,1000,1400
24.06.2024 00:09:05.541,7.45928,7.4587499999999975,1000,1000
24.06.2024 00:09:16.554,7.4592600000000004,7.458740000000001,1200,500
24.06.2024 00:09:17.556,7.459230000000002,7.458730000000002,600,400
24.06.2024 00:09:21.566,7.4593,7.458739999999999,1200,500
24.06.2024 00:09:22.568,7.45935,7.4587499999999975,1300,1000
24.06.2024 00:09:28.582,7.45924,7.458710000000002,600,800
24.06.2024 00:09:38.009,7.4592800000000015,7.458730000000001,600,1200
24.06.2024 00:09:38.411,7.459250000000001,7.458710000000003,1000,400
24.06.2024 00:09:38.562,7.459270000000001,7.458729999999999,600,700
24.06.2024 00:09:43.021,7.4592600000000004,7.458739999999994,1300,900
24.06.2024 00:09:45.579,7.459260000000001,7.458730000000003,900,1300
24.06.2024 00:09:46.581,7.45924,7.458750000000005,900,1300
24.06.2024 00:09:47.033,7.45936,7.4587500000000055,1200,1000
24.06.2024 00:09:49.037,7.45921,7.458739999999997,1100,500
24.06.2024 00:09:50.341,7.45932,7.45875,800,1300
24.06.2024 00:10:01.331,7.45927,7.458739999999997,800,1000
24.06.2024 00:10:02.341,7.459240000000001,7.458730000000004,800,700
24.06.2024 00:10:02.843,7.4592600000000004,7.458750000000002,800,500
24.06.2024 00:10:04.346,7.459300000000002,7.458730000000001,1100,600
24.06.2024 00:10:05.599,7.45931,7.458739999999994,700,1200
24.06.2024 00:10:05.800,7.459300000000002,7.458729999999996,400,700
24.06.2024 00:10:06.451,7.45932,7.458740000000002,1000,800
24.06.2024 00:10:06.802,7.459230000000002,7.458729999999999,900,1400
24.06.2024 00:10:07.455,7.4593,7.458739999999999,1200,1200
24.06.2024 00:10:09.310,7.459230000000002,7.4587299999999965,500,1300
24.06.2024 00:10:10.162,7.459280000000001,7.458739999999999,1000,1300
24.06.2024 00:10:11.466,7.459270000000001,7.458730000000003,1300,500
24.06.2024 00:10:12.468,7.45934,7.458739999999998,700,1300
24.06.2024 00:10:21.592,7.459260000000001,7.458760000000001,600,500
24.06.2024 00:10:21.643,7.45927,7.458740000000005,1400,1300
24.06.2024 00:10:21.693,7.45936,7.458749999999998,900,1200
24.06.2024 00:10:21.894,7.4593300000000005,7.458739999999998,1100,500
24.06.2024 00:10:26.605,7.459310000000001,7.458759999999996,1000,600
24.06.2024 00:10:31.617,7.4592600000000004,7.45874,1000,1100
24.06.2024 00:10:36.980,7.459200000000001,7.458709999999999,1300,1000
24.06.2024 00:10:38.935,7.45927,7.458739999999997,1000,1100
24.06.2024 00:10:39.587,7.4592600000000004,7.458710000000003,1400,700
24.06.2024 00:10:40.289,7.4592800000000015,7.458730000000002,600,700
24.06.2024 00:10:43.478,7.45925,7.458740000000002,1400,500
24.06.2024 00:10:43.579,7.459220000000001,7.458729999999996,1000,1200
24.06.2024 00:10:43.931,7.45929,7.458739999999997,900,500
24.06.2024 00:10:45.335,7.45928,7.45875,600,900
24.06.2024 00:10:46.489,7.459230000000001,7.45875,800,900
24.06.2024 00:10:49.346,7.459340000000001,7.458759999999999,1300,1000
24.06.2024 00:10:51.302,7.45931,7.458750000000003,500,700
24.06.2024 00:10:54.160,7.459290000000001,7.458729999999999,1200,600
24.06.2024 00:10:58.472,7.45927,7.458740000000001,1100,800
24.06.2024 00:10:58.974,7.459310000000001,7.458730000000006,600,800
24.06.2024 00:11:06.342,7.45931,7.458740000000002,1200,1000
24.06.2024 00:11:14.814,7.459290000000001,7.458730000000001,1300,400
24.06.2024 00:11:14.915,7.459180000000001,7.458709999999996,1300,600
24.06.2024 00:11:15.116,7.459250000000002,7.458729999999999,600,1100
24.06.2024 00:11:15.317,7.45925,7.458740000000001,700,1200
24.06.2024 00:11:21.333,7.459310000000001,7.458730000000006,900,1200
24.06.2024 00:11:21.635,7.45921,7.4587,600,500
24.06.2024 00:11:22.891,7.4592600000000004,7.458689999999997,1200,400
24.06.2024 00:11:32.817,7.459199999999999,7.458680000000004,500,900
24.06.2024 00:11:43.846,7.45918,7.458690000000002,500,1100
24.06.2024 00:11:46.754,7.45926,7.458699999999999,500,800
24.06.2024 00:11:46.855,7.45922,7.458690000000004,1300,800
24.06.2024 00:11:49.560,7.45924,7.458700000000002,500,900
24.06.2024 00:11:53.570,7.459300000000001,7.458710000000002,700,500
24.06.2024 00:11:59.584,7.4593500000000015,7.458720000000001,700,1200
24.06.2024 00:12:21.111,7.4593300000000005,7.458709999999996,700,700
24.06.2024 00:12:26.573,7.459330000000001,7.458719999999999,700,1000
24.06.2024 00:12:59.458,7.45931,7.458750000000002,700,900
24.06.2024 00:13:00.160,7.459390000000001,7.4587400000000015,1200,900
24.06.2024 00:13:02.116,7.45931,7.458749999999995,600,600
24.06.2024 00:13:05.601,7.459510000000001,7.458410000000003,3200,2320
24.06.2024 00:13:20.587,7.459280000000001,7.458739999999997,500,700
24.06.2024 00:13:21.592,7.45917,7.458699999999995,1000,600
24.06.2024 00:13:21.693,7.459269999999999,7.4587100000000035,1000,700
24.06.2024 00:13:21.994,7.459210000000001,7.458700000000002,900,1000
24.06.2024 00:13:22.396,7.45924,7.458730000000002,500,900
24.06.2024 00:13:22.597,7.45919,7.4586900000000025,1100,1200
24.06.2024 00:13:22.998,7.459149999999999,7.45868,800,600
24.06.2024 00:13:23.099,7.45924,7.458690000000002,1300,700
24.06.2024 00:13:24.101,7.459199999999999,7.458680000000002,1100,800
24.06.2024 00:13:24.652,7.459210000000001,7.45867,500,1000
24.06.2024 00:13:25.103,7.45919,7.458679999999996,1200,400
24.06.2024 00:13:25.354,7.45913,7.458669999999998,600,900
24.06.2024 00:13:28.061,7.4592,7.458680000000004,1100,1000
24.06.2024 00:13:28.112,7.45918,7.458669999999998,1100,1200
24.06.2024 00:13:28.363,7.45922,7.458679999999997,400,1200
24.06.2024 00:13:32.119,7.45917,7.458669999999997,1300,1200
24.06.2024 00:13:32.320,7.45919,7.45868,1300,1100
24.06.2024 00:13:32.670,7.4591400000000005,7.458679999999998,700,600
24.06.2024 00:13:34.373,7.4592,7.458679999999999,1100,1200
24.06.2024 00:13:34.574,7.45913,7.458670000000001,800,400
24.06.2024 00:13:39.384,7.45918,7.458680000000004,1000,1100
24.06.2024 00:13:43.396,7.45919,7.458689999999998,1200,1300
24.06.2024 00:13:47.404,7.45929,7.458699999999999,900,1400
24.06.2024 00:13:48.108,7.459180000000001,7.458690000000005,700,1200
24.06.2024 00:13:48.309,7.4592600000000004,7.45871,1200,1300
24.06.2024 00:13:51.417,7.45925,7.458700000000003,1300,1400
24.06.2024 00:13:52.719,7.459290000000001,7.458709999999996,400,500
24.06.2024 00:13:57.637,7.459230000000002,7.458710000000001,900,1000
24.06.2024 00:13:58.141,7.459320000000001,7.458709999999999,1100,900
24.06.2024 00:13:58.291,7.45924,7.458699999999999,1100,1100
24.06.2024 00:13:58.392,7.459320000000001,7.45871,1300,500
24.06.2024 00:13:59.095,7.45929,7.458700000000001,1400,500
24.06.2024 00:14:02.301,7.459180000000001,7.458689999999999,400,800
24.06.2024 00:14:03.805,7.459250000000001,7.4586900000000025,700,800
24.06.2024 00:14:06.012,7.459210000000001,7.458679999999998,900,600
24.06.2024 00:14:07.368,7.4591400000000005,7.458670000000001,900,1300
24.06.2024 00:14:08.069,7.459170000000001,7.458680000000006,1300,1200
24.06.2024 00:14:08.521,7.45912,7.458669999999998,400,800
24.06.2024 00:14:10.124,7.459150000000001,7.458680000000001,1200,900
24.06.2024 00:14:13.281,7.459160000000001,7.458690000000002,600,400
24.06.2024 00:14:19.295,7.459170000000001,7.4586800000000055,600,1100
24.06.2024 00:14:23.103,7.4592600000000004,7.45869,500,1000
24.06.2024 00:14:23.254,7.459160000000001,7.45869,1400,1200
24.06.2024 00:14:23.555,7.4592600000000004,7.458690000000001,1000,400
24.06.2024 00:14:23.856,7.459230000000001,7.458680000000001,600,1200
24.06.2024 00:14:24.257,7.45919,7.458690000000002,1200,1000
24.06.2024 00:14:26.161,7.459239999999999,7.458699999999999,600,500
24.06.2024 00:14:36.678,7.45931,7.4587100000000035,600,1100
24.06.2024 00:14:36.930,7.459269999999999,7.458700000000005,1000,600
24.06.2024 00:14:36.980,7.45931,7.458709999999999,700,400
24.06.2024 00:14:37.131,7.45928,7.4587,900,1000
24.06.2024 00:14:37.849,7.45931,7.458709999999998,900,1300
24.06.2024 00:14:39.806,7.45921,7.458699999999998,400,600
24.06.2024 00:14:47.273,7.45929,7.458709999999998,500,800
24.06.2024 00:14:49.276,7.45926,7.4586999999999986,900,1000
24.06.2024 00:14:50.128,7.45924,7.458709999999999,500,1100
24.06.2024 00:14:50.280,7.45926,7.458699999999999,800,1100
24.06.2024 00:14:50.582,7.45924,7.458710000000003,900,1400
24.06.2024 00:14:50.783,7.459239999999999,7.458699999999998,700,1400
24.06.2024 00:15:01.058,7.459180000000001,7.4586900000000025,900,1400
24.06.2024 00:15:05.265,7.459290000000001,7.458699999999995,900,900
24.06.2024 00:15:06.167,7.45919,7.458689999999995,1300,800
24.06.2024 00:15:11.127,7.4592,7.458680000000002,800,1000
24.06.2024 00:15:13.282,7.459250000000001,7.458689999999997,1400,600
24.06.2024 00:15:18.323,7.459250000000002,7.458699999999999,700,800
24.06.2024 00:15:19.276,7.4592600000000004,7.458690000000004,1100,800
24.06.2024 00:15:21.281,7.459230000000002,7.458700000000001,1100,1200
24.06.2024 00:15:21.632,7.459280000000001,7.458700000000005,600,800
24.06.2024 00:15:23.287,7.459280000000001,7.458690000000001,1200,1100
24.06.2024 00:15:24.791,7.4592100000000015,7.458699999999996,1300,800
24.06.2024 00:15:25.292,7.45932,7.45871,1300,400
24.06.2024 00:15:32.206,7.459270000000001,7.458699999999998,800,900
24.06.2024 00:15:33.209,7.45931,7.458710000000003,1100,400
24.06.2024 00:15:34.212,7.459220000000001,7.458699999999998,500,700
24.06.2024 00:15:37.270,7.459210000000001,7.458689999999995,800,1400
24.06.2024 00:15:39.724,7.459230000000002,7.458699999999998,400,700
24.06.2024 00:15:41.279,7.45927,7.458710000000002,700,1000
24.06.2024 00:15:48.295,7.459230000000002,7.4586999999999986,600,1200
24.06.2024 00:15:50.198,7.45932,7.458710000000001,700,500
24.06.2024 00:15:54.910,7.459230000000002,7.458700000000003,1100,500
24.06.2024 00:15:55.112,7.4593300000000005,7.458710000000002,1000,1100
24.06.2024 00:15:56.216,7.459250000000002,7.458700000000003,1100,700
24.06.2024 00:15:56.417,7.45931,7.458710000000001,700,600
24.06.2024 00:15:57.369,7.459300000000002,7.4586999999999986,500,1300
24.06.2024 00:15:57.620,7.45932,7.458710000000005,600,500
24.06.2024 00:16:00.211,7.459300000000002,7.458700000000005,1000,600
24.06.2024 00:16:02.218,7.45925,7.458710000000006,1400,1100
24.06.2024 00:16:07.632,7.45925,7.458710000000001,800,600
24.06.2024 00:16:13.850,7.45917,7.458690000000004,700,1400
24.06.2024 00:16:14.052,7.459239999999999,7.458699999999996,700,1300
24.06.2024 00:16:15.809,7.4592600000000004,7.458710000000001,1200,700
24.06.2024 00:16:15.859,7.45928,7.4586999999999986,800,1200
24.06.2024 00:16:16.812,7.45922,7.458710000000001,1400,1200
24.06.2024 00:16:17.163,7.45926,7.458699999999999,700,700
24.06.2024 00:16:20.821,7.45929,7.45871,600,500
24.06.2024 00:16:26.334,7.459250000000001,7.458690000000001,1300,700
24.06.2024 00:16:26.387,7.459199999999999,7.4587,900,500
24.06.2024 00:16:39.278,7.4592600000000004,7.458710000000003,1000,700
24.06.2024 00:16:39.780,7.459239999999999,7.458700000000003,900,1400
24.06.2024 00:16:40.382,7.45925,7.458710000000005,400,1300
24.06.2024 00:16:41.785,7.459219999999999,7.458699999999998,1400,1300
24.06.2024 00:16:43.292,7.459260000000001,7.458700000000002,900,600
24.06.2024 00:16:57.020,7.459250000000002,7.458719999999999,700,1300
24.06.2024 00:16:57.821,7.459249999999999,7.458700000000002,1200,500
24.06.2024 00:16:59.324,7.45925,7.458689999999995,600,700
24.06.2024 00:17:00.176,7.459269999999999,7.458680000000003,1100,500
24.06.2024 00:17:00.329,7.45927,7.4586900000000025,500,1100
24.06.2024 00:17:00.582,7.4592600000000004,7.458690000000005,400,800
24.06.2024 00:17:02.686,7.45922,7.458700000000001,1000,1000
24.06.2024 00:17:03.037,7.459199999999999,7.458690000000001,500,800
24.06.2024 00:17:06.344,7.45924,7.4586899999999945,600,1100
24.06.2024 00:17:13.356,7.459220000000001,7.458700000000003,800,1300
24.06.2024 00:17:14.307,7.45914,7.458699999999998,1100,800
24.06.2024 00:17:15.309,7.459270000000001,7.458699999999998,800,1400
24.06.2024 00:17:21.817,7.45916,7.458689999999997,1200,1400
24.06.2024 00:17:24.324,7.459220000000001,7.4587,1200,900
24.06.2024 00:17:25.375,7.45925,7.45872,700,500
24.06.2024 00:18:04.875,7.459099999999999,7.458670000000005,1100,600
24.06.2024 00:18:05.177,7.4592,7.458679999999998,600,500
24.06.2024 00:18:06.882,7.459199999999999,7.4586999999999986,400,900
24.06.2024 00:18:08.887,7.459210000000001,7.458699999999996,1100,800
24.06.2024 00:18:11.853,7.459300000000002,7.458710000000001,600,900
24.06.2024 00:18:13.809,7.459220000000001,7.458699999999998,400,500
24.06.2024 00:18:13.860,7.459220000000001,7.458710000000005,800,1200
24.06.2024 00:18:21.338,7.459220000000001,7.458699999999998,500,700
24.06.2024 00:18:22.842,7.459230000000002,7.4587100000000035,1300,700
24.06.2024 00:18:27.855,7.45919,7.458699999999999,900,700
24.06.2024 00:18:38.882,7.4592,7.458689999999998,1000,1200
24.06.2024 00:18:42.842,7.45915,7.458680000000003,1100,800
24.06.2024 00:18:45.750,7.4591899999999995,7.45867,500,1300
24.06.2024 00:18:45.902,7.459130000000001,7.458660000000005,1000,700
24.06.2024 00:18:46.303,7.459199999999999,7.458670000000001,900,600
24.06.2024 00:18:46.504,7.459110000000001,7.458660000000002,1200,700
24.06.2024 00:18:46.604,7.45923,7.4586700000000015,1200,700
24.06.2024 00:18:46.705,7.459180000000001,7.458660000000006,800,800
24.06.2024 00:18:48.860,7.459160000000001,7.458650000000001,1300,1000
24.06.2024 00:18:49.562,7.45913,7.458670000000005,500,1000
24.06.2024 00:18:51.214,7.45914,7.458670000000005,1400,700
24.06.2024 00:18:51.315,7.459110000000001,7.458659999999998,1100,500
24.06.2024 00:18:51.416,7.459219999999999,7.458670000000002,800,800
24.06.2024 00:18:55.873,7.45919,7.458670000000004,700,1400
24.06.2024 00:19:02.858,7.45918,7.458669999999995,500,1200
24.06.2024 00:19:08.872,7.459180000000001,7.458660000000003,1200,800
24.06.2024 00:19:11.581,7.459220000000001,7.458679999999999,1300,900
24.06.2024 00:19:15.691,7.45912,7.458660000000003,400,1000
24.06.2024 00:19:16.397,7.45921,7.458670000000001,1100,600
24.06.2024 00:19:45.867,7.45925,7.458689999999998,1300,500
24.06.2024 00:20:00.884,7.45927,7.458669999999999,400,1300
24.06.2024 00:20:04.843,7.459100000000001,7.458640000000003,900,400
24.06.2024 00:20:11.313,7.45917,7.458649999999996,1200,1100
24.06.2024 00:20:11.664,7.459110000000001,7.458639999999997,1400,1400
24.06.2024 00:20:15.671,7.45919,7.458649999999998,1100,800
24.06.2024 00:20:16.676,7.459130000000001,7.458640000000002,400,900
24.06.2024 00:20:17.178,7.459180000000001,7.45865,600,600
24.06.2024 00:20:17.679,7.459100000000001,7.458640000000004,1100,500
24.06.2024 00:20:18.182,7.459150000000001,7.45865,700,700
24.06.2024 00:20:20.187,7.459150000000001,7.458640000000002,1000,1400
24.06.2024 00:20:21.690,7.459160000000001,7.458650000000005,1100,500
24.06.2024 00:20:26.699,7.459120000000001,7.458640000000005,1200,1300
24.06.2024 00:20:28.703,7.4591400000000005,7.45865,800,500
24.06.2024 00:20:31.311,7.45915,7.458650000000002,600,1200
24.06.2024 00:20:31.662,7.459200000000001,7.458650000000005,600,1300
24.06.2024 00:20:34.667,7.459120000000001,7.458639999999999,1300,700
24.06.2024 00:20:35.670,7.45912,7.458650000000001,500,800
24.06.2024 00:20:37.674,7.4591400000000005,7.458639999999999,1400,700
24.06.2024 00:20:38.676,7.45912,7.458649999999999,700,1100
24.06.2024 00:20:40.682,7.459120000000001,7.458639999999995,1200,1100
24.06.2024 00:20:43.677,7.45921,7.458660000000004,800,900
24.06.2024 00:20:45.683,7.45917,7.458669999999999,1300,700
24.06.2024 00:20:47.186,7.45918,7.4586599999999965,700,500
24.06.2024 00:20:49.493,7.45919,7.458669999999995,600,600
24.06.2024 00:20:56.511,7.459199999999999,7.458660000000001,1100,800
24.06.2024 00:20:59.469,7.45918,7.458669999999997,900,900
24.06.2024 00:21:36.517,7.45922,7.458689999999999,1000,800
24.06.2024 00:21:51.504,7.4592,7.4586700000000015,1200,600
24.06.2024 00:21:52.106,7.4592,7.458690000000002,1100,700
24.06.2024 00:21:54.411,7.459230000000001,7.4586800000000055,1000,400
24.06.2024 00:21:57.019,7.459080000000001,7.458640000000002,600,1200
24.06.2024 00:22:00.976,7.45912,7.4586500000000004,1300,1300
24.06.2024 00:22:04.786,7.459150000000001,7.45864,800,700
24.06.2024 00:22:04.837,7.4591199999999995,7.458640000000004,800,500
24.06.2024 00:22:06.589,7.459280000000001,7.458670000000005,1100,900
24.06.2024 00:22:07.292,7.45918,7.458660000000002,600,500
24.06.2024 00:22:16.064,7.4592600000000004,7.458669999999998,1000,700
24.06.2024 00:22:17.217,7.45915,7.458660000000004,900,500
24.06.2024 00:22:17.468,7.459200000000001,7.458670000000001,600,700
24.06.2024 00:22:17.919,7.45924,7.45866,1000,500
24.06.2024 00:22:18.170,7.459270000000001,7.458669999999995,700,900
24.06.2024 00:22:19.275,7.45916,7.4586599999999965,900,700
24.06.2024 00:22:23.962,7.45924,7.458670000000005,700,1100
24.06.2024 00:22:24.115,7.45918,7.458660000000001,1400,1400
24.06.2024 00:22:24.467,7.459220000000001,7.458670000000005,500,1100
24.06.2024 00:22:27.222,7.45917,7.458659999999998,900,1000
24.06.2024 00:22:32.683,7.459220000000001,7.45867,600,800
24.06.2024 00:22:34.989,7.45924,7.45866,1200,900
24.06.2024 00:22:47.921,7.459200000000001,7.458690000000001,700,1200
24.06.2024 00:23:05.487,7.459260000000001,7.4587,500,1300
24.06.2024 00:23:26.789,7.4592600000000004,7.458690000000001,500,1200
24.06.2024 00:23:47.840,7.45921,7.45871,500,1000
24.06.2024 00:23:48.993,7.459250000000001,7.4586899999999945,700,500
24.06.2024 00:23:53.991,7.459270000000001,7.458700000000002,400,1300
24.06.2024 00:23:54.995,7.45919,7.458690000000002,600,1000
24.06.2024 00:23:56.999,7.459230000000002,7.458699999999999,500,900
24.06.2024 00:24:44.170,7.459230000000001,7.458689999999998,700,1300
24.06.2024 00:24:47.865,7.459240000000001,7.458699999999996,1300,1300
24.06.2024 00:24:51.573,7.45924,7.458690000000002,800,500
24.06.2024 00:24:51.924,7.459260000000001,7.4587,600,400
24.06.2024 00:24:53.679,7.459200000000001,7.4586899999999945,800,1200
24.06.2024 00:24:58.592,7.459260000000001,7.4587,700,1300
24.06.2024 00:24:59.494,7.45922,7.4587,1100,500
24.06.2024 00:25:08.469,7.45919,7.458680000000004,1300,800
24.06.2024 00:25:11.425,7.459230000000001,7.4586900000000025,700,1300
24.06.2024 00:25:12.177,7.45917,7.458679999999999,600,900
24.06.2024 00:25:19.055,7.459200000000001,7.458690000000002,700,700
24.06.2024 00:25:19.707,7.45925,7.458679999999998,1300,1300
24.06.2024 00:25:19.910,7.45924,7.458689999999998,1200,700
24.06.2024 00:25:19.961,7.45918,7.458680000000004,900,1000
24.06.2024 00:25:20.062,7.459250000000001,7.458690000000002,1400,600
24.06.2024 00:25:20.513,7.45924,7.458680000000003,800,700
24.06.2024 00:25:24.669,7.459210000000001,7.458669999999999,600,500
24.06.2024 00:25:25.471,7.45916,7.458680000000001,600,1200
24.06.2024 00:25:25.673,7.4591400000000005,7.458670000000001,600,500
24.06.2024 00:25:27.226,7.45916,7.458680000000004,500,1100
24.06.2024 00:25:27.478,7.459210000000001,7.458669999999999,800,1100
24.06.2024 00:25:34.444,7.45913,7.458660000000006,900,400
24.06.2024 00:25:37.954,7.4591400000000005,7.458670000000005,1100,1200
24.06.2024 00:25:38.505,7.45911,7.458660000000002,800,800
24.06.2024 00:25:38.956,7.45919,7.458669999999999,1100,1100
24.06.2024 00:25:45.041,7.45924,7.458679999999999,700,1000
24.06.2024 00:25:46.298,7.45917,7.458670000000004,1400,900
24.06.2024 00:25:47.853,7.45918,7.4586599999999965,1000,500
24.06.2024 00:25:52.665,7.4592,7.458669999999997,1300,1200
24.06.2024 00:25:55.422,7.4591199999999995,7.45866,700,1400
24.06.2024 00:25:55.623,7.459210000000001,7.458670000000002,800,500
24.06.2024 00:25:59.083,7.45918,7.458679999999999,700,1200
24.06.2024 00:25:59.183,7.45919,7.458670000000004,1300,1100
24.06.2024 00:25:59.635,7.45923,7.458689999999999,1000,1100
24.06.2024 00:26:02.188,7.45917,7.45867,400,1100
24.06.2024 00:26:02.539,7.4592,7.458679999999997,800,400
24.06.2024 00:26:05.947,7.4592,7.4586700000000015,1100,900
24.06.2024 00:26:06.047,7.4592,7.458679999999998,400,1000
24.06.2024 00:26:08.556,7.459210000000001,7.458669999999998,500,500
24.06.2024 00:26:09.658,7.45922,7.458680000000001,700,900
24.06.2024 00:26:10.860,7.45919,7.458669999999994,1000,700
24.06.2024 00:26:11.111,7.45925,7.458679999999998,800,700
24.06.2024 00:26:11.412,7.45917,7.458680000000001,800,1200
24.06.2024 00:26:17.423,7.45918,7.458680000000004,1000,1100
24.06.2024 00:26:17.474,7.4592,7.4586700000000015,600,900
24.06.2024 00:26:19.477,7.459130000000001,7.458670000000002,500,800
24.06.2024 00:26:22.183,7.459169999999999,7.458630000000002,1100,600
24.06.2024 00:26:23.688,7.45919,7.458639999999999,1000,1100
24.06.2024 00:26:23.989,7.45923,7.458650000000001,400,800
24.06.2024 00:26:24.641,7.459199999999999,7.458670000000002,600,400
24.06.2024 00:26:25.193,7.459170000000001,7.458639999999999,900,400
24.06.2024 00:26:25.794,7.459170000000001,7.458629999999998,400,1000
24.06.2024 00:26:27.698,7.4591899999999995,7.458649999999996,700,400
24.06.2024 00:26:28.650,7.459130000000001,7.458639999999995,600,400
24.06.2024 00:26:30.453,7.459080000000001,7.458630000000001,1200,400
24.06.2024 00:26:30.955,7.4591400000000005,7.458640000000005,1000,700
24.06.2024 00:26:31.006,7.459080000000001,7.4586299999999985,1000,1200
24.06.2024 00:26:31.357,7.459160000000001,7.458640000000002,500,1000
24.06.2024 00:26:32.860,7.459110000000001,7.45863,500,1000
24.06.2024 00:26:33.412,7.459210000000001,7.458639999999999,1200,1000
24.06.2024 00:26:34.466,7.459170000000001,7.45863,500,400
24.06.2024 00:26:36.420,7.45917,7.458639999999998,1300,900
24.06.2024 00:26:36.622,7.459080000000001,7.458630000000003,1000,800
24.06.2024 00:26:37.173,7.459130000000001,7.458639999999998,800,900
24.06.2024 00:26:38.677,7.459169999999999,7.458650000000001,1200,400
24.06.2024 00:26:39.178,7.45917,7.458640000000004,600,1200
24.06.2024 00:26:39.429,7.459199999999999,7.458649999999999,1000,500
24.06.2024 00:26:39.830,7.45912,7.458649999999996,900,1200
24.06.2024 00:26:46.440,7.459239999999999,7.4586500000000004,500,600
24.06.2024 00:26:49.450,7.45917,7.4586599999999965,1100,1100
24.06.2024 00:26:53.558,7.45921,7.458650000000002,1300,1300
24.06.2024 00:26:53.860,7.45917,7.458660000000005,1100,1000
24.06.2024 00:26:54.562,7.459149999999999,7.458649999999995,1300,500
24.06.2024 00:26:54.664,7.4592600000000004,7.4586700000000015,800,1200
24.06.2024 00:26:55.466,7.4591899999999995,7.458650000000005,1400,700
24.06.2024 00:26:57.319,7.4592600000000004,7.458659999999998,900,900
24.06.2024 00:26:58.270,7.45923,7.4586500000000004,1400,600
24.06.2024 00:26:59.474,7.459150000000001,7.458629999999998,1400,1000
24.06.2024 00:27:12.104,7.459160000000001,7.458639999999995,900,1000
24.06.2024 00:27:12.155,7.459130000000001,7.458629999999995,400,700
24.06.2024 00:27:12.256,7.459150000000001,7.458640000000004,1400,1000
24.06.2024 00:27:12.406,7.459090000000001,7.458639999999998,600,600
24.06.2024 00:27:14.995,7.459200000000001,7.458639999999999,800,1200
24.06.2024 00:27:20.008,7.4591899999999995,7.458650000000001,1100,1100
24.06.2024 00:27:29.381,7.4592,7.458650000000003,1300,700
24.06.2024 00:27:31.837,7.45921,7.458649999999996,1000,1200
24.06.2024 00:27:31.988,7.459150000000001,7.458639999999997,1000,1100
24.06.2024 00:27:34.194,7.459080000000001,7.458630000000001,500,1300
24.06.2024 00:27:34.294,7.459160000000001,7.458640000000003,700,1200
24.06.2024 00:27:34.546,7.459130000000001,7.458630000000003,600,1100
24.06.2024 00:27:35.248,7.459210000000001,7.458640000000001,1100,1100
24.06.2024 00:27:42.016,7.45914,7.458650000000002,1400,800
24.06.2024 00:27:46.377,7.459160000000001,7.45864,1100,1100
24.06.2024 00:27:47.080,7.4591899999999995,7.458650000000005,1100,1300
24.06.2024 00:27:47.281,7.459150000000001,7.458639999999995,600,1400
24.06.2024 00:27:47.532,7.4591400000000005,7.458659999999999,800,500
24.06.2024 00:27:48.536,7.4591400000000005,7.458640000000005,400,400
24.06.2024 00:27:49.087,7.45923,7.458650000000001,500,1300
24.06.2024 00:27:49.388,7.45912,7.458640000000003,1300,600
24.06.2024 00:27:49.539,7.4591899999999995,7.458650000000003,1100,1100
24.06.2024 00:27:54.552,7.45927,7.458659999999996,400,400
24.06.2024 00:28:00.018,7.459199999999999,7.458650000000003,1100,700
24.06.2024 00:28:02.024,7.45923,7.458659999999996,1400,1000
24.06.2024 00:28:02.525,7.459160000000001,7.458660000000002,700,1000
24.06.2024 00:28:03.277,7.45922,7.458659999999998,800,400
24.06.2024 00:28:14.003,7.459149999999999,7.458649999999998,600,600
24.06.2024 00:28:14.254,7.45923,7.458660000000003,1000,1100
24.06.2024 00:28:57.161,7.45927,7.45868,1300,1100
24.06.2024 00:29:47.178,7.4592,7.458660000000002,500,1200
24.06.2024 00:29:48.131,7.45928,7.458680000000002,1400,400
24.06.2024 00:29:48.181,7.459230000000002,7.458700000000001,900,900
24.06.2024 00:30:00.113,7.45928,7.458700000000005,900,800
24.06.2024 00:30:00.165,7.459340000000001,7.458699999999998,900,800
24.06.2024 00:30:00.372,7.459320000000001,7.458689999999995,600,1000
24.06.2024 00:30:00.773,7.459330000000001,7.45871,1000,800
24.06.2024 00:30:02.426,7.45928,7.458730000000005,1300,600
24.06.2024 00:30:04.931,7.4593,7.458720000000002,1000,1200
24.06.2024 00:30:18.162,7.45925,7.458700000000001,700,700
24.06.2024 00:30:20.567,7.45932,7.4587200000000005,500,1300
24.06.2024 00:30:22.269,7.45931,7.458730000000002,1100,1300
24.06.2024 00:30:24.172,7.4592600000000004,7.458719999999998,1200,700
24.06.2024 00:30:30.140,7.459240000000001,7.458710000000001,1300,1000
24.06.2024 00:30:32.143,7.45922,7.458689999999999,900,900
24.06.2024 00:30:32.194,7.459230000000001,7.458699999999995,500,900
24.06.2024 00:30:32.295,7.45922,7.45869,1100,1100
24.06.2024 00:30:33.199,7.459250000000001,7.458699999999995,1300,900
24.06.2024 00:30:38.159,7.459300000000002,7.4587099999999955,1300,800
24.06.2024 00:30:41.166,7.459200000000001,7.4586999999999986,800,500
24.06.2024 00:30:44.173,7.459290000000001,7.458709999999996,1000,600
24.06.2024 00:30:47.129,7.45932,7.458719999999996,600,600
24.06.2024 00:30:49.135,7.45933,7.458730000000004,1000,600
24.06.2024 00:30:49.437,7.4593,7.45872,1000,800
24.06.2024 00:30:49.488,7.459310000000001,7.458739999999994,1000,1200
24.06.2024 00:30:50.139,7.4593300000000005,7.458719999999996,1400,1100
24.06.2024 00:30:51.142,7.45933,7.458729999999999,1300,1100
24.06.2024 00:30:54.148,7.45925,7.458720000000001,600,1300
24.06.2024 00:30:57.153,7.4593,7.458730000000003,600,600
24.06.2024 00:31:07.961,7.45931,7.458719999999996,1400,500
24.06.2024 00:31:09.667,7.45929,7.458710000000003,700,1200
24.06.2024 00:31:23.200,7.4592600000000004,7.458710000000001,500,400
24.06.2024 00:31:27.110,7.4592600000000004,7.458709999999999,700,400
24.06.2024 00:31:29.566,7.45931,7.458710000000002,700,800
24.06.2024 00:31:32.072,7.459250000000001,7.458709999999996,1200,900
24.06.2024 00:31:34.276,7.459340000000001,7.458710000000001,800,1300
24.06.2024 00:31:36.532,7.45926,7.458689999999998,1100,500
24.06.2024 00:31:39.188,7.45923,7.458690000000004,500,900
24.06.2024 00:31:40.089,7.459150000000001,7.458680000000002,700,1300
24.06.2024 00:31:41.092,7.459180000000001,7.458689999999998,1100,1000
24.06.2024 00:31:42.796,7.459210000000001,7.458679999999998,600,500
24.06.2024 00:31:43.197,7.4592,7.458680000000004,700,600
24.06.2024 00:31:43.248,7.4592600000000004,7.458689999999997,1300,600
24.06.2024 00:31:44.551,7.459250000000001,7.458679999999999,1000,1000
24.06.2024 00:31:45.103,7.459289999999999,7.458690000000004,400,1000
24.06.2024 00:31:46.305,7.45929,7.458700000000005,700,400
24.06.2024 00:31:49.264,7.459290000000001,7.458710000000001,600,1300
24.06.2024 00:31:59.244,7.45929,7.458700000000002,800,800
24.06.2024 00:32:00.452,7.45925,7.458699999999996,800,800
24.06.2024 00:32:00.553,7.45929,7.458719999999999,400,700
24.06.2024 00:32:01.254,7.45927,7.458699999999996,1000,1000
24.06.2024 00:32:02.256,7.45918,7.458689999999999,800,1200
24.06.2024 00:32:05.261,7.45919,7.458669999999995,400,700
24.06.2024 00:32:08.418,7.45919,7.458679999999996,400,1300
24.06.2024 00:32:09.874,7.459180000000001,7.458689999999995,1100,1300
24.06.2024 00:32:15.285,7.459219999999999,7.458699999999999,600,1000
24.06.2024 00:32:17.241,7.45922,7.458710000000001,600,1000
24.06.2024 00:32:18.246,7.459290000000001,7.458719999999998,900,1400
24.06.2024 00:32:23.303,7.4592600000000004,7.458710000000003,900,800
24.06.2024 00:32:25.256,7.459199999999999,7.458700000000006,700,500
24.06.2024 00:32:27.262,7.45923,7.458710000000002,700,500
24.06.2024 00:32:28.264,7.459270000000001,7.458719999999998,1200,1000
24.06.2024 00:32:36.283,7.45928,7.458709999999998,1200,1000
24.06.2024 00:32:37.285,7.45923,7.458700000000005,500,1400
24.06.2024 00:32:39.240,7.459250000000001,7.458689999999998,1300,800
24.06.2024 00:32:40.242,7.45923,7.458700000000001,1300,1100
24.06.2024 00:32:42.245,7.459250000000001,7.458690000000001,1000,700
24.06.2024 00:32:43.248,7.459289999999999,7.458699999999996,800,1200
24.06.2024 00:32:44.250,7.459200000000001,7.458690000000004,1000,1000
24.06.2024 00:32:48.260,7.4591400000000005,7.45868,1300,600
24.06.2024 00:32:51.419,7.45919,7.45869,600,700
24.06.2024 00:32:52.272,7.459150000000001,7.458680000000004,1200,700
24.06.2024 00:32:58.285,7.459210000000001,7.458689999999998,700,900
24.06.2024 00:33:00.493,7.45918,7.45868,900,1000
24.06.2024 00:33:02.247,7.45922,7.458690000000001,1400,800
24.06.2024 00:33:07.558,7.45923,7.4586999999999986,1200,500
24.06.2024 00:33:12.570,7.45924,7.458690000000002,1400,1100
24.06.2024 00:33:13.272,7.45925,7.4586999999999986,900,700
24.06.2024 00:33:14.275,7.45924,7.458690000000004,700,800
24.06.2024 00:33:14.776,7.45929,7.4586999999999986,1400,700
24.06.2024 00:33:18.284,7.459230000000001,7.458709999999998,1100,1300
24.06.2024 00:33:18.935,7.459260000000001,7.458719999999999,1100,600
24.06.2024 00:33:20.287,7.459270000000001,7.458710000000005,600,1200
24.06.2024 00:33:21.240,7.459280000000001,7.458710000000001,1200,1200
24.06.2024 00:33:22.242,7.459280000000001,7.458709999999998,1100,800
24.06.2024 00:33:25.274,7.45926,7.458700000000001,1300,1000
24.06.2024 00:33:25.576,7.459320000000001,7.4587099999999955,500,1200
24.06.2024 00:33:32.242,7.45927,7.458700000000002,1200,800
24.06.2024 00:33:32.894,7.45931,7.458710000000005,1300,700
24.06.2024 00:33:33.248,7.459249999999999,7.4586999999999986,600,500
24.06.2024 00:33:33.500,7.459220000000001,7.458719999999995,700,500
24.06.2024 00:33:42.267,7.459290000000001,7.458720000000005,400,500
24.06.2024 00:33:44.271,7.45924,7.458709999999998,1200,600
24.06.2024 00:33:56.400,7.459250000000001,7.458690000000002,800,800
24.06.2024 00:33:57.053,7.459210000000001,7.45871,900,1200
24.06.2024 00:34:02.416,7.459210000000001,7.458689999999995,1100,1100
24.06.2024 00:34:02.467,7.459280000000001,7.458710000000005,800,1200
24.06.2024 00:34:03.119,7.4593,7.458710000000002,1100,600
24.06.2024 00:34:03.770,7.45928,7.458700000000003,600,500
24.06.2024 00:34:04.022,7.459220000000001,7.45869,800,1300
24.06.2024 00:34:04.873,7.45923,7.4587,700,600
24.06.2024 00:34:05.276,7.45924,7.458689999999995,700,600
24.06.2024 00:34:08.082,7.459219999999999,7.458680000000004,1300,700
24.06.2024 00:34:08.734,7.459250000000001,7.458700000000003,700,600
24.06.2024 00:34:09.285,7.459149999999999,7.458679999999996,700,900
24.06.2024 00:34:10.437,7.45923,7.458690000000004,1000,1400
24.06.2024 00:34:11.339,7.45919,7.458680000000004,500,500
24.06.2024 00:34:11.440,7.45923,7.458680000000001,700,500
24.06.2024 00:34:19.356,7.45923,7.458689999999999,1100,400
24.06.2024 00:34:20.058,7.459210000000001,7.458669999999997,900,500
24.06.2024 00:34:23.418,7.459180000000001,7.458680000000001,1000,600
24.06.2024 00:34:23.719,7.4591400000000005,7.458670000000002,500,1300
24.06.2024 00:34:23.870,7.459320000000001,7.458709999999999,700,600
24.06.2024 00:34:33.795,7.459270000000001,7.458710000000002,900,400
24.06.2024 00:34:41.060,7.459249999999999,7.45868,1100,700
24.06.2024 00:34:41.161,7.45919,7.458680000000002,400,1400
24.06.2024 00:34:41.612,7.459210000000001,7.458660000000006,400,1000
24.06.2024 00:34:49.331,7.459239999999999,7.458680000000004,800,800
24.06.2024 00:34:49.683,7.45924,7.4586599999999965,400,600
24.06.2024 00:34:59.753,7.459200000000001,7.458669999999995,800,700
24.06.2024 00:35:05.317,7.4591899999999995,7.458669999999998,1000,1000
24.06.2024 00:35:05.669,7.459200000000001,7.458659999999998,900,1100
24.06.2024 00:35:15.741,7.459180000000001,7.458669999999998,700,900
24.06.2024 00:35:20.306,7.459289999999999,7.458690000000004,800,400
24.06.2024 00:35:20.707,7.45923,7.45867,500,600
24.06.2024 00:35:22.360,7.45913,7.4586399999999955,700,800
24.06.2024 00:35:26.816,7.459169999999999,7.458670000000001,500,1100
24.06.2024 00:35:29.272,7.45908,7.458649999999995,800,500
24.06.2024 00:35:29.322,7.45917,7.45866,700,1100
24.06.2024 00:35:29.874,7.4591400000000005,7.458680000000002,500,500
24.06.2024 00:35:30.876,7.4591,7.458660000000001,900,1200
24.06.2024 00:35:31.328,7.459210000000001,7.458670000000002,1100,1300
24.06.2024 00:35:32.330,7.459250000000001,7.45868,700,700
24.06.2024 00:35:32.430,7.4591400000000005,7.4586700000000015,1400,700
24.06.2024 00:35:34.333,7.45917,7.458659999999999,1300,1200
24.06.2024 00:35:35.387,7.45913,7.4586700000000015,1300,400
24.06.2024 00:35:40.448,7.4591,7.45866,600,1300
24.06.2024 00:35:41.300,7.459160000000001,7.458660000000001,1200,600
24.06.2024 00:35:41.880,7.4591400000000005,7.4586500000000004,1300,700
24.06.2024 00:35:46.443,7.45913,7.458639999999999,800,1200
24.06.2024 00:35:46.895,7.459120000000001,7.458650000000002,500,700
24.06.2024 00:35:47.897,7.4591199999999995,7.458649999999995,700,1200
24.06.2024 00:35:48.047,7.459160000000001,7.458650000000002,1100,1400
24.06.2024 00:35:51.055,7.459200000000001,7.458660000000005,1100,400
24.06.2024 00:35:51.107,7.459090000000001,7.458649999999998,400,800
24.06.2024 00:35:51.408,7.459130000000001,7.458669999999994,1300,400
24.06.2024 00:35:52.410,7.45913,7.458659999999998,1400,800
24.06.2024 00:35:52.863,7.459180000000001,7.458669999999998,800,400
24.06.2024 00:35:52.914,7.45915,7.458659999999999,700,1300
24.06.2024 00:35:53.266,7.459180000000001,7.458670000000005,800,1000
24.06.2024 00:35:53.522,7.45916,7.4586700000000015,600,1100
24.06.2024 00:35:54.876,7.459160000000001,7.458660000000001,800,1300
24.06.2024 00:35:55.427,7.45921,7.458680000000002,600,1400
24.06.2024 00:35:56.080,7.45915,7.458660000000001,1000,1300
24.06.2024 00:35:56.331,7.45918,7.458670000000004,1000,1200
24.06.2024 00:35:56.432,7.4592,7.458660000000001,1200,1200
24.06.2024 00:35:56.883,7.4592,7.458669999999997,800,1000
24.06.2024 00:35:57.686,7.459210000000001,7.458679999999997,700,1100
24.06.2024 00:35:57.887,7.459220000000001,7.458700000000002,700,1000
24.06.2024 00:36:05.858,7.4592600000000004,7.458680000000006,1300,1300
24.06.2024 00:36:06.209,7.459230000000002,7.4586999999999986,800,500
24.06.2024 00:36:06.561,7.45919,7.458679999999997,1100,800
24.06.2024 00:36:09.870,7.45923,7.458690000000005,800,1100
24.06.2024 00:36:10.973,7.459250000000001,7.458680000000004,400,1000
24.06.2024 00:36:38.419,7.459220000000001,7.458689999999998,700,600
24.06.2024 00:36:38.821,7.45924,7.458680000000006,900,1400
24.06.2024 00:36:54.464,7.45917,7.458690000000002,400,1100
24.06.2024 00:36:54.816,7.45927,7.458690000000001,600,800
24.06.2024 00:36:58.177,7.459200000000001,7.458679999999996,800,1000
24.06.2024 00:37:09.456,7.459270000000001,7.458690000000002,1300,1100
24.06.2024 00:37:09.708,7.45922,7.458680000000001,700,600
24.06.2024 00:37:12.514,7.4591400000000005,7.458670000000002,500,1300
24.06.2024 00:37:17.324,7.45917,7.458690000000004,500,1000
24.06.2024 00:37:18.326,7.459160000000001,7.458669999999995,1100,1300
24.06.2024 00:37:20.314,7.45919,7.4586800000000055,700,600
24.06.2024 00:37:21.467,7.4591400000000005,7.4586700000000015,500,1200
24.06.2024 00:37:22.320,7.459250000000001,7.45868,500,1100
24.06.2024 00:37:31.445,7.45912,7.458660000000001,1200,1400
24.06.2024 00:37:31.495,7.4591400000000005,7.4586700000000015,600,600
24.06.2024 00:37:32.599,7.45916,7.458659999999998,1100,1200
24.06.2024 00:37:33.250,7.459200000000001,7.458669999999997,1200,1300
24.06.2024 00:37:49.490,7.459239999999999,7.458679999999999,700,1300
24.06.2024 00:38:09.500,7.459160000000001,7.458679999999997,700,700
24.06.2024 00:38:09.601,7.45924,7.458680000000001,1200,800
24.06.2024 00:38:09.652,7.4592,7.458679999999997,1100,600
24.06.2024 00:38:19.629,7.459160000000001,7.458669999999997,800,400
24.06.2024 00:38:20.531,7.459230000000001,7.45868,500,700
24.06.2024 00:38:23.334,7.4591400000000005,7.458670000000002,400,700
24.06.2024 00:38:24.489,7.45924,7.458679999999997,1200,1200
24.06.2024 00:38:26.796,7.45919,7.4586900000000025,400,1100
24.06.2024 00:38:30.554,7.459239999999999,7.458679999999997,400,800
24.06.2024 00:38:40.527,7.45918,7.458679999999997,1000,1200
24.06.2024 00:38:40.878,7.45919,7.458680000000004,600,800
24.06.2024 00:38:40.979,7.45919,7.458689999999997,700,700
24.06.2024 00:38:41.130,7.45919,7.4586900000000025,400,1400
24.06.2024 00:38:41.731,7.45919,7.4586900000000025,400,400
24.06.2024 00:38:56.515,7.45921,7.458690000000004,1300,1000
24.06.2024 00:39:06.841,7.45923,7.458679999999998,1400,1000
24.06.2024 00:39:07.042,7.45923,7.458690000000004,1000,1100
24.06.2024 00:39:07.093,7.4591899999999995,7.458679999999997,600,1000
24.06.2024 00:39:12.704,7.459220000000001,7.458690000000004,700,1300
24.06.2024 00:39:12.855,7.45924,7.458689999999995,900,900
24.06.2024 00:39:15.514,7.4592,7.458689999999999,1400,900
24.06.2024 00:39:16.716,7.459219999999999,7.458680000000001,1100,600
24.06.2024 00:39:20.725,7.45918,7.458690000000004,900,1100
24.06.2024 00:39:27.689,7.4592800000000015,7.4586999999999986,700,900
24.06.2024 00:39:27.790,7.4592,7.458690000000004,900,1000
24.06.2024 00:39:28.642,7.45923,7.458680000000004,1100,1300
24.06.2024 00:39:29.445,7.45919,7.458699999999996,1200,1100
24.06.2024 00:39:29.545,7.459219999999999,7.458680000000004,1200,1200
24.06.2024 00:39:34.406,7.45924,7.458690000000001,600,1000
24.06.2024 00:39:36.412,7.45921,7.458679999999999,900,700
24.06.2024 00:39:36.513,7.459210000000001,7.458689999999995,600,800
24.06.2024 00:39:37.415,7.45916,7.45868,600,600
24.06.2024 00:39:51.197,7.4591400000000005,7.458670000000004,700,1300
24.06.2024 00:39:53.553,7.459199999999999,7.458680000000003,500,600
24.06.2024 00:39:53.755,7.459090000000001,7.458659999999998,1000,800
24.06.2024 00:39:54.156,7.4591400000000005,7.458679999999997,900,1400
24.06.2024 00:39:55.659,7.459150000000001,7.458670000000004,1300,1300
24.06.2024 00:39:56.662,7.459199999999999,7.458680000000006,700,1300
24.06.2024 00:39:58.225,7.45917,7.458690000000002,600,1000
24.06.2024 00:39:58.680,7.459219999999999,7.4586800000000055,1200,800
24.06.2024 00:40:00.686,7.45919,7.458700000000006,600,800
24.06.2024 00:40:13.918,7.459300000000002,7.45871,1200,800
24.06.2024 00:40:14.971,7.45917,7.4586999999999986,800,500
24.06.2024 00:40:28.753,7.459290000000001,7.458709999999999,900,900
24.06.2024 00:40:28.855,7.4593300000000005,7.4587100000000035,1100,600
24.06.2024 00:40:30.109,7.45938,7.458730000000004,900,1200
24.06.2024 00:40:30.260,7.45928,7.458730000000003,1100,1000
24.06.2024 00:40:31.663,7.45924,7.458719999999995,600,900
24.06.2024 00:40:32.214,7.459290000000001,7.458699999999995,600,900
24.06.2024 00:40:32.415,7.459290000000001,7.458720000000003,600,1100
24.06.2024 00:40:33.667,7.45922,7.458719999999999,1300,1400
24.06.2024 00:40:37.225,7.45921,7.458700000000005,700,1300
24.06.2024 00:40:37.275,7.459220000000001,7.458709999999998,500,700
24.06.2024 00:40:37.676,7.459290000000001,7.458719999999996,400,1400
24.06.2024 00:40:41.684,7.45925,7.458740000000002,1200,700
24.06.2024 00:40:46.667,7.459230000000002,7.458719999999995,700,1300
24.06.2024 00:40:46.768,7.45925,7.458740000000004,1200,900
24.06.2024 00:40:49.876,7.45932,7.458750000000001,1200,700
24.06.2024 00:41:41.617,7.459280000000001,7.458730000000002,1400,900
24.06.2024 00:41:42.118,7.45923,7.458750000000002,400,700
24.06.2024 00:41:52.141,7.4593,7.4587400000000015,500,1100
24.06.2024 00:41:54.597,7.459290000000001,7.458730000000005,600,600
24.06.2024 00:42:04.522,7.45929,7.4587400000000015,900,800
24.06.2024 00:42:09.534,7.459320000000001,7.458730000000002,500,700
24.06.2024 00:42:26.611,7.45924,7.4587099999999955,800,600
24.06.2024 00:42:30.570,7.459289999999999,7.458709999999999,1100,800
24.06.2024 00:42:32.577,7.45925,7.45872,1300,1000
24.06.2024 00:42:33.580,7.459269999999999,7.458720000000006,800,500
24.06.2024 00:42:39.593,7.459230000000001,7.458710000000003,1300,800
24.06.2024 00:42:42.452,7.459200000000001,7.458699999999998,1000,800
24.06.2024 00:42:42.553,7.45917,7.458709999999996,400,900
24.06.2024 00:42:50.021,7.459230000000001,7.458779999999999,1300,1400
24.06.2024 00:42:51.726,7.45923,7.458770000000005,1100,700
24.06.2024 00:42:56.688,7.45922,7.458789999999994,1400,500
24.06.2024 00:42:56.838,7.45925,7.4588100000000015,800,700
24.06.2024 00:42:57.491,7.459250000000001,7.458810000000003,1300,600
24.06.2024 00:42:57.592,7.45928,7.458799999999999,900,700
24.06.2024 00:43:03.003,7.459280000000001,7.458809999999998,900,900
24.06.2024 00:43:05.560,7.45928,7.458800000000001,400,700
24.06.2024 00:43:05.610,7.45928,7.4587799999999955,1000,700
24.06.2024 00:43:05.661,7.45917,7.458760000000001,500,600
24.06.2024 00:43:06.462,7.45922,7.458769999999998,1300,500
24.06.2024 00:43:06.863,7.45929,7.458800000000003,1400,1400
24.06.2024 00:43:08.833,7.459210000000001,7.458789999999995,400,1000
24.06.2024 00:43:09.486,7.45924,7.458799999999999,800,700
24.06.2024 00:43:09.587,7.4592,7.458790000000001,1300,500
24.06.2024 00:43:09.638,7.45924,7.4588,1000,1100
24.06.2024 00:43:14.551,7.459250000000001,7.458799999999995,1200,1400
24.06.2024 00:43:16.504,7.4593,7.458799999999997,900,600
24.06.2024 00:43:16.555,7.4592600000000004,7.458790000000004,1200,500
24.06.2024 00:43:16.606,7.45923,7.4588000000000045,600,1100
24.06.2024 00:43:17.157,7.4592,7.458790000000001,800,1100
24.06.2024 00:43:17.559,7.459289999999999,7.458809999999995,1200,1000
24.06.2024 00:43:20.619,7.45921,7.45877,900,1100
24.06.2024 00:43:21.020,7.459290000000001,7.458789999999995,1300,500
24.06.2024 00:43:21.170,7.45921,7.458790000000005,700,600
24.06.2024 00:43:23.475,7.459260000000001,7.458799999999999,700,800
24.06.2024 00:43:24.077,7.459270000000001,7.458799999999999,400,1300
24.06.2024 00:43:24.479,7.45929,7.458810000000003,600,400
24.06.2024 00:43:27.585,7.459239999999999,7.458790000000004,400,1100
24.06.2024 00:43:29.440,7.459230000000002,7.458799999999997,500,1100
24.06.2024 00:43:34.452,7.459250000000001,7.458789999999998,1000,1000
24.06.2024 00:43:35.656,7.459230000000001,7.458769999999999,1300,1000
24.06.2024 00:43:35.757,7.459230000000002,7.45871,800,800
24.06.2024 00:43:35.858,7.459270000000001,7.4587099999999955,1100,1300
24.06.2024 00:43:36.209,7.459300000000002,7.45872,800,1400
24.06.2024 00:43:36.460,7.459220000000001,7.458720000000005,1100,1100
24.06.2024 00:43:36.511,7.459240000000001,7.458730000000002,400,800
24.06.2024 00:43:36.662,7.459200000000001,7.458739999999998,600,800
24.06.2024 00:43:37.214,7.45923,7.458699999999999,1000,400
24.06.2024 00:43:45.181,7.459230000000001,7.45871,500,1400
24.06.2024 00:43:50.474,7.459160000000001,7.4586899999999945,900,1300
24.06.2024 00:44:16.597,7.45918,7.458699999999995,800,1100
24.06.2024 00:44:18.553,7.45919,7.458709999999996,1300,1100
24.06.2024 00:44:20.210,7.45916,7.458700000000005,1000,600
24.06.2024 00:44:20.561,7.45918,7.4587100000000035,700,600
24.06.2024 00:44:22.818,7.45925,7.4587200000000005,900,1200
24.06.2024 00:44:40.496,7.45919,7.458709999999999,800,700
24.06.2024 00:44:41.499,7.459149999999999,7.458700000000001,1300,400
24.06.2024 00:44:42.502,7.459210000000001,7.458709999999996,1200,600
24.06.2024 00:44:44.508,7.45929,7.458719999999999,800,1100
24.06.2024 00:44:50.523,7.459280000000001,7.458730000000003,900,1400
24.06.2024 00:45:00.451,7.4593,7.458730000000004,1000,1200
24.06.2024 00:45:13.787,7.45923,7.45871,700,800
24.06.2024 00:45:17.597,7.4592600000000004,7.4587200000000005,1000,1100
24.06.2024 00:45:20.658,7.45927,7.458710000000005,1100,1200
24.06.2024 00:45:22.211,7.45927,7.458730000000003,1000,700
24.06.2024 00:45:25.643,7.45921,7.458709999999996,700,1100
24.06.2024 00:45:29.653,7.45929,7.458719999999998,1100,900
24.06.2024 00:45:30.505,7.45928,7.4587100000000035,700,600
24.06.2024 00:45:30.856,7.459270000000001,7.458719999999999,1100,1300
24.06.2024 00:46:03.586,7.45921,7.458709999999998,1100,700
24.06.2024 00:46:30.483,7.459160000000001,7.458670000000002,600,1300
24.06.2024 00:46:37.303,7.459200000000001,7.458700000000003,1100,1300
24.06.2024 00:46:37.355,7.459130000000001,7.4586900000000025,800,700
24.06.2024 00:46:37.406,7.45924,7.458700000000002,1100,1300
24.06.2024 00:46:41.314,7.459200000000001,7.45869,1300,800
24.06.2024 00:46:41.415,7.45922,7.458699999999998,900,900
24.06.2024 00:46:45.321,7.459220000000001,7.458689999999995,800,800
24.06.2024 00:46:45.422,7.459210000000001,7.458699999999999,1000,1100
24.06.2024 00:46:46.324,7.459239999999999,7.4586900000000025,900,500
24.06.2024 00:46:49.029,7.45912,7.458680000000003,600,1100
24.06.2024 00:46:51.383,7.45923,7.458689999999998,1000,400
24.06.2024 00:46:52.985,7.4592600000000004,7.4586999999999986,1400,1000
24.06.2024 00:46:53.337,7.459219999999999,7.45869,500,500
24.06.2024 00:46:56.320,7.459180000000001,7.458679999999997,1200,1400
24.06.2024 00:46:56.421,7.45918,7.458690000000004,700,1300
24.06.2024 00:46:58.980,7.45925,7.458700000000002,400,1100
24.06.2024 00:46:59.031,7.459219999999999,7.458690000000001,800,500
24.06.2024 00:46:59.332,7.45922,7.458700000000001,1000,1000
24.06.2024 00:47:02.339,7.45923,7.4587100000000035,1300,900
24.06.2024 00:47:02.390,7.4592,7.4587,1200,600
24.06.2024 00:47:05.450,7.45921,7.4586899999999945,900,1300
24.06.2024 00:47:06.305,7.45919,7.4587099999999955,1400,900
24.06.2024 00:47:07.307,7.45925,7.458710000000003,1200,700
24.06.2024 00:47:08.409,7.45924,7.458699999999998,1200,500
24.06.2024 00:47:11.313,7.459149999999999,7.458690000000004,800,1300
24.06.2024 00:47:15.322,7.45917,7.45868,1000,1200
24.06.2024 00:47:18.631,7.45921,7.45869,500,400
24.06.2024 00:47:21.941,7.4591400000000005,7.458679999999999,1300,900
24.06.2024 00:47:22.544,7.4591899999999995,7.458689999999999,900,1300
24.06.2024 00:47:24.096,7.459130000000001,7.458680000000004,400,500
24.06.2024 00:47:24.397,7.45916,7.4586900000000025,500,1100
24.06.2024 00:47:25.399,7.459180000000001,7.458680000000003,1100,600
24.06.2024 00:47:26.401,7.459169999999999,7.4586900000000025,1200,600
24.06.2024 00:47:27.303,7.459210000000001,7.458680000000002,1100,600
24.06.2024 00:47:28.956,7.4591899999999995,7.458690000000004,1300,1000
24.06.2024 00:47:30.310,7.45912,7.458680000000006,1000,1200
24.06.2024 00:47:30.962,7.459220000000001,7.458700000000002,500,1400
24.06.2024 00:47:31.314,7.459130000000001,7.458679999999997,1100,1300
24.06.2024 00:47:31.414,7.4591899999999995,7.458690000000001,700,600
24.06.2024 00:47:33.318,7.4591400000000005,7.458680000000001,400,800
24.06.2024 00:47:33.419,7.459169999999999,7.458690000000005,1300,600
24.06.2024 00:47:34.421,7.45917,7.458679999999996,500,1200
24.06.2024 00:47:39.381,7.45921,7.458690000000004,800,800
24.06.2024 00:47:40.534,7.45912,7.458680000000003,500,800
24.06.2024 00:47:44.946,7.459169999999999,7.458690000000005,1300,400
24.06.2024 00:47:52.015,7.45919,7.458700000000002,1300,700
24.06.2024 00:47:57.277,7.45922,7.458710000000005,600,900
24.06.2024 00:48:04.341,7.459210000000001,7.458699999999999,1300,500
24.06.2024 00:48:04.392,7.45927,7.458710000000005,1400,1300
24.06.2024 00:48:08.303,7.45925,7.4587,500,700
24.06.2024 00:48:37.323,7.45921,7.458710000000005,600,1300
24.06.2024 00:48:47.997,7.45919,7.458710000000002,1300,1200
24.06.2024 00:48:56.366,7.459149999999999,7.458670000000002,1100,600
24.06.2024 00:49:00.928,7.45918,7.458690000000001,1200,900
24.06.2024 00:49:02.634,7.45923,7.458700000000001,600,700
24.06.2024 00:49:15.765,7.459149999999999,7.458689999999995,700,700
24.06.2024 00:49:25.727,7.459230000000001,7.458710000000001,500,400
24.06.2024 00:49:33.348,7.459169999999999,7.458690000000001,400,1000
24.06.2024 00:49:44.377,7.459200000000001,7.458679999999998,800,500
24.06.2024 00:49:45.131,7.45923,7.458690000000004,1100,1100
24.06.2024 00:49:45.231,7.45912,7.458679999999999,1100,1200
24.06.2024 00:49:45.883,7.45916,7.4586900000000025,400,1000
24.06.2024 00:49:45.984,7.459150000000001,7.458680000000001,1000,800
24.06.2024 00:49:48.091,7.45921,7.458689999999997,1200,1400
24.06.2024 00:49:48.242,7.4591400000000005,7.458680000000003,1100,1000
24.06.2024 00:49:48.943,7.45916,7.458690000000005,500,700
24.06.2024 00:49:49.799,7.4592,7.458699999999999,600,1300
24.06.2024 00:49:49.850,7.459219999999999,7.458689999999997,1000,1100
24.06.2024 00:49:50.201,7.45912,7.458640000000002,800,1100
24.06.2024 00:49:50.552,7.4591400000000005,7.458619999999997,900,700
24.06.2024 00:49:54.360,7.4591400000000005,7.458639999999998,500,900
24.06.2024 00:50:01.377,7.45919,7.458660000000003,500,1200
24.06.2024 00:50:01.878,7.459180000000001,7.458669999999994,1200,1000
24.06.2024 00:50:02.930,7.459160000000001,7.458660000000001,1300,500
24.06.2024 00:50:03.882,7.45915,7.458680000000003,600,1300
24.06.2024 00:50:04.334,7.459269999999999,7.4586800000000055,600,900
24.06.2024 00:50:25.675,7.45912,7.458639999999998,800,500
24.06.2024 00:50:28.684,7.459200000000001,7.458660000000002,700,1100
24.06.2024 00:50:29.687,7.45924,7.458670000000004,800,600
24.06.2024 00:50:30.689,7.459249999999999,7.45868,500,1400
24.06.2024 00:50:33.696,7.459200000000001,7.45867,800,1300
24.06.2024 00:50:34.649,7.459269999999999,7.458679999999997,800,1100
24.06.2024 00:50:36.054,7.459210000000001,7.458670000000001,500,700
24.06.2024 00:50:38.665,7.45916,7.458640000000002,500,1200
24.06.2024 00:50:40.667,7.459160000000001,7.458639999999998,1100,1100
24.06.2024 00:50:41.670,7.45919,7.4586399999999955,1100,1000
24.06.2024 00:50:51.662,7.4590700000000005,7.458630000000001,800,800
24.06.2024 00:50:54.870,7.45912,7.458639999999997,600,600
24.06.2024 00:50:55.122,7.4591400000000005,7.458629999999996,1300,700
24.06.2024 00:50:55.573,7.45917,7.458639999999999,500,1000
24.06.2024 00:50:55.674,7.45908,7.458629999999998,900,1100
24.06.2024 00:51:09.055,7.45914,7.458650000000002,700,1400
24.06.2024 00:51:09.106,7.4591400000000005,7.458629999999996,400,900
24.06.2024 00:51:09.659,7.45918,7.458639999999998,1000,1300
24.06.2024 00:51:11.816,7.459110000000001,7.458629999999999,1000,700
24.06.2024 00:51:17.679,7.459099999999999,7.458650000000002,500,700
24.06.2024 00:51:17.830,7.45913,7.458630000000005,800,900
24.06.2024 00:51:17.882,7.45916,7.458650000000001,800,1200
24.06.2024 00:51:20.889,7.459170000000001,7.4586599999999965,1100,1000
24.06.2024 00:51:48.676,7.459250000000001,7.458670000000001,1100,1000
24.06.2024 00:51:49.529,7.45919,7.45866,1300,1300
24.06.2024 00:51:50.230,7.45917,7.45867,900,900
24.06.2024 00:51:52.187,7.459220000000001,7.458660000000005,1100,600
24.06.2024 00:51:52.688,7.459250000000001,7.458669999999995,1000,1200
24.06.2024 00:51:52.739,7.45917,7.458670000000001,700,1100
24.06.2024 00:51:53.993,7.459180000000001,7.458669999999998,1300,1400
24.06.2024 00:51:54.394,7.459150000000001,7.458660000000005,400,1200
24.06.2024 00:51:55.046,7.45923,7.458679999999999,700,1100
24.06.2024 00:51:55.447,7.459210000000001,7.458659999999996,800,900
24.06.2024 00:51:58.355,7.45918,7.458680000000002,800,600
24.06.2024 00:51:59.308,7.459160000000001,7.458630000000002,1100,800
24.06.2024 00:52:14.696,7.4591199999999995,7.458650000000006,1200,700
24.06.2024 00:52:19.408,7.45912,7.458629999999996,500,600
24.06.2024 00:52:23.269,7.45916,7.458640000000001,800,800
24.06.2024 00:52:25.272,7.459200000000001,7.45866,1300,1000
24.06.2024 00:52:25.673,7.45916,7.458650000000002,600,1300
24.06.2024 00:52:26.274,7.459250000000001,7.458669999999999,600,1300
24.06.2024 00:52:27.026,7.459160000000001,7.45866,1200,600
24.06.2024 00:52:31.287,7.459160000000001,7.458669999999995,1200,1100
24.06.2024 00:52:32.290,7.459199999999999,7.458679999999996,1200,1200
24.06.2024 00:52:53.311,7.45924,7.45867,1000,1000
24.06.2024 00:52:54.315,7.45928,7.458679999999998,700,900
24.06.2024 00:52:56.271,7.45919,7.458669999999995,1300,700
24.06.2024 00:52:57.273,7.459249999999999,7.458680000000002,800,700
24.06.2024 00:52:58.326,7.45923,7.458679999999997,600,700
24.06.2024 00:52:58.827,7.4591400000000005,7.458659999999998,1100,1000
24.06.2024 00:52:59.279,7.45912,7.458639999999998,1200,1300
24.06.2024 00:53:03.286,7.459160000000001,7.458659999999999,600,600
24.06.2024 00:53:05.288,7.4591400000000005,7.458639999999997,500,1000
24.06.2024 00:53:06.289,7.459220000000001,7.4586599999999965,800,1000
24.06.2024 00:53:06.641,7.459230000000001,7.458669999999997,1000,400
24.06.2024 00:53:06.692,7.459219999999999,7.45868,1100,1000
24.06.2024 00:53:11.300,7.45924,7.458669999999999,700,1300
24.06.2024 00:53:15.312,7.45921,7.458679999999996,800,600
24.06.2024 00:54:19.293,7.459230000000001,7.458670000000004,700,1000
24.06.2024 00:54:37.485,7.459230000000001,7.458670000000002,1100,1300
24.06.2024 00:55:12.038,7.4592,7.458669999999994,700,600
24.06.2024 00:55:55.952,7.459149999999999,7.458660000000002,700,400
24.06.2024 00:55:59.161,7.459210000000001,7.4586700000000015,1200,500
24.06.2024 00:56:02.972,7.459199999999999,7.458660000000003,500,1200
24.06.2024 00:56:07.629,7.45917,7.458650000000001,400,900
24.06.2024 00:56:08.130,7.45911,7.458640000000004,600,1400
24.06.2024 00:56:08.180,7.4590700000000005,7.458630000000001,800,600
24.06.2024 00:56:09.933,7.459200000000001,7.458639999999997,500,1100
24.06.2024 00:56:11.936,7.459210000000001,7.458650000000002,800,500
24.06.2024 00:56:14.944,7.45912,7.458639999999997,600,1000
24.06.2024 00:56:16.148,7.459090000000001,7.458629999999995,1200,1200
24.06.2024 00:56:22.013,7.45912,7.458640000000002,600,400
24.06.2024 00:56:25.976,7.459210000000001,7.45865,900,1300
24.06.2024 00:56:26.277,7.45915,7.458639999999999,1100,1100
24.06.2024 00:56:26.978,7.45919,7.458650000000006,1100,700
24.06.2024 00:56:27.129,7.45914,7.458650000000006,1300,700
24.06.2024 00:56:27.180,7.459170000000001,7.45865,400,1300
24.06.2024 00:56:27.281,7.45909,7.458649999999996,1400,600
24.06.2024 00:56:28.133,7.459130000000001,7.458649999999999,1100,1000
24.06.2024 00:56:28.284,7.45917,7.458640000000004,1300,800
24.06.2024 00:56:30.940,7.45908,7.458629999999999,1000,500
24.06.2024 00:56:37.654,7.45912,7.458640000000005,500,1200
24.06.2024 00:56:39.107,7.45917,7.458629999999996,1200,600
24.06.2024 00:56:39.758,7.45917,7.458639999999995,1000,1300
24.06.2024 00:56:40.962,7.459110000000001,7.458630000000005,1200,700
24.06.2024 00:56:42.616,7.45912,7.458639999999995,900,400
24.06.2024 00:56:45.122,7.45912,7.458629999999995,1100,500
24.06.2024 00:56:45.273,7.45913,7.458639999999999,500,900
24.06.2024 00:56:46.074,7.4590700000000005,7.458630000000003,900,1000
24.06.2024 00:56:46.125,7.45912,7.458640000000004,800,1400
24.06.2024 00:56:48.931,7.45915,7.458629999999998,900,800
24.06.2024 00:56:51.938,7.45912,7.458640000000003,500,1000
24.06.2024 00:56:52.942,7.45919,7.458650000000006,900,900
24.06.2024 00:56:55.951,7.459160000000001,7.458660000000003,1300,1100
24.06.2024 00:56:56.102,7.4591400000000005,7.458649999999996,600,1200
24.06.2024 00:56:56.153,7.45924,7.458659999999998,800,900
24.06.2024 00:56:57.054,7.459220000000001,7.458649999999999,700,500
24.06.2024 00:57:04.969,7.45919,7.458660000000006,600,1100
24.06.2024 00:57:08.929,7.459280000000001,7.458680000000003,1000,500
24.06.2024 00:57:09.935,7.459200000000001,7.4586599999999965,700,1100
24.06.2024 00:57:11.938,7.45928,7.4586700000000015,800,1400
24.06.2024 00:57:19.006,7.45924,7.4586700000000015,600,1300
24.06.2024 00:59:28.193,7.459180000000001,7.458679999999996,1000,1400
24.06.2024 00:59:38.219,7.45922,7.458670000000002,500,900
24.06.2024 01:00:00.125,7.45923,7.458690000000004,1000,1000
24.06.2024 01:00:09.878,7.45922,7.458680000000003,1300,600
24.06.2024 01:00:10.078,7.459210000000001,7.458660000000006,800,800
24.06.2024 01:00:25.814,7.4590700000000005,7.458629999999999,500,400
24.06.2024 01:01:26.737,7.4591199999999995,7.458649999999996,1100,700
24.06.2024 01:01:28.093,7.459100000000001,7.4586399999999955,400,1000
24.06.2024 01:01:29.745,7.45919,7.4586399999999955,800,600
24.06.2024 01:01:32.150,7.459170000000001,7.458650000000006,1300,1300
24.06.2024 01:01:34.080,7.45912,7.458660000000004,500,500
24.06.2024 01:01:37.741,7.45913,7.458650000000001,1200,400
24.06.2024 01:01:40.749,7.45918,7.458659999999999,600,500
24.06.2024 01:01:41.100,7.459099999999999,7.458650000000005,900,800
24.06.2024 01:01:42.252,7.45919,7.458659999999999,500,1100
24.06.2024 01:01:48.917,7.45924,7.458670000000002,1200,1300
24.06.2024 01:01:53.277,7.45912,7.458660000000002,900,1100
24.06.2024 01:01:54.229,7.45925,7.458669999999995,1100,500
24.06.2024 01:01:55.031,7.4591400000000005,7.458659999999998,1100,1200
24.06.2024 01:01:56.185,7.45919,7.458669999999995,700,1300
24.06.2024 01:01:58.740,7.45915,7.45866,400,900
24.06.2024 01:01:59.091,7.45915,7.458669999999998,800,800
24.06.2024 01:02:00.294,7.4591400000000005,7.458660000000001,900,500
24.06.2024 01:02:01.046,7.45918,7.458669999999997,700,1000
24.06.2024 01:02:02.951,7.459200000000001,7.45868,1200,400
24.06.2024 01:02:15.450,7.45921,7.458669999999998,700,500
24.06.2024 01:03:42.926,7.459230000000001,7.458659999999996,900,900
24.06.2024 01:04:02.040,7.45921,7.458670000000002,1200,1000
24.06.2024 01:04:08.051,7.45917,7.45866,1300,700
24.06.2024 01:04:08.202,7.459249999999999,7.458669999999997,900,1200
24.06.2024 01:04:09.056,7.459230000000001,7.458660000000003,1100,1200
24.06.2024 01:04:15.019,7.45921,7.458669999999995,700,900
24.06.2024 01:04:16.021,7.45922,7.4586599999999965,1300,1300
24.06.2024 01:04:31.759,7.459269999999999,7.458689999999999,500,1000
24.06.2024 01:04:38.886,7.45927,7.458690000000004,700,600
24.06.2024 01:04:50.209,7.45929,7.458700000000002,800,600
24.06.2024 01:05:01.534,7.459320000000001,7.458699999999996,1200,600
24.06.2024 01:05:29.822,7.459270000000001,7.458709999999996,800,900
24.06.2024 01:06:09.542,7.45923,7.458710000000005,700,1100
24.06.2024 01:06:12.097,7.4593500000000015,7.458709999999998,500,1000
24.06.2024 01:06:32.029,7.45924,7.4587100000000035,1000,500
24.06.2024 01:06:32.832,7.45923,7.458680000000004,400,1200
24.06.2024 01:06:33.784,7.45923,7.458690000000005,1300,800
24.06.2024 01:06:36.242,7.4592600000000004,7.458700000000003,600,800
24.06.2024 01:06:36.693,7.45927,7.45869,1300,1100
24.06.2024 01:06:36.794,7.45931,7.458699999999999,500,900
24.06.2024 01:06:36.845,7.45925,7.458689999999999,800,1100
24.06.2024 01:06:38.549,7.4593300000000005,7.4586999999999986,1200,600
24.06.2024 01:06:38.851,7.4592,7.458689999999998,800,800
24.06.2024 01:06:41.259,7.45924,7.458679999999997,600,1200
24.06.2024 01:06:45.819,7.45922,7.4586899999999945,500,1000
24.06.2024 01:06:46.823,7.4592600000000004,7.458699999999999,1400,500
24.06.2024 01:06:54.840,7.4593500000000015,7.458710000000005,500,1000
24.06.2024 01:06:55.292,7.459230000000001,7.4587,1300,500
24.06.2024 01:07:11.992,7.45927,7.458690000000002,500,400
24.06.2024 01:07:12.297,7.459270000000001,7.458700000000006,1200,1200
24.06.2024 01:07:24.070,7.459360000000001,7.458709999999996,900,1000
24.06.2024 01:07:57.970,7.459320000000001,7.458699999999998,800,400
24.06.2024 01:08:00.276,7.4592800000000015,7.458710000000003,900,500
24.06.2024 01:08:02.980,7.45921,7.4586899999999945,800,1000
24.06.2024 01:08:04.234,7.459290000000001,7.458710000000005,1400,1200
24.06.2024 01:08:05.236,7.45926,7.4586900000000025,1200,1400
24.06.2024 01:08:06.238,7.459170000000001,7.458660000000004,1200,1100
24.06.2024 01:08:07.241,7.459210000000001,7.458680000000006,1000,800
24.06.2024 01:08:07.542,7.459150000000001,7.4586599999999965,1300,1300
24.06.2024 01:08:07.593,7.45922,7.458689999999998,1000,400
24.06.2024 01:08:09.246,7.4591400000000005,7.458660000000005,400,1100
24.06.2024 01:08:09.948,7.4592600000000004,7.458679999999998,500,800
24.06.2024 01:08:10.750,7.45928,7.458689999999998,700,1200
24.06.2024 01:08:11.781,7.45929,7.4586999999999986,1200,500
24.06.2024 01:08:14.990,7.45922,7.458680000000004,500,800
24.06.2024 01:08:15.993,7.459150000000001,7.458660000000003,1200,1200
24.06.2024 01:08:21.253,7.4592600000000004,7.458679999999998,400,600
24.06.2024 01:08:21.355,7.45927,7.458690000000002,900,800
24.06.2024 01:08:21.655,7.45925,7.4586800000000055,800,900
24.06.2024 01:08:22.560,7.4592,7.45869,700,1200
24.06.2024 01:08:25.217,7.459210000000001,7.458660000000001,500,1400
24.06.2024 01:08:25.971,7.45923,7.458690000000001,1100,1300
24.06.2024 01:08:30.983,7.4592,7.45868,500,800
24.06.2024 01:08:31.986,7.459220000000001,7.458659999999998,700,1100
24.06.2024 01:08:35.244,7.459180000000001,7.458689999999997,900,1000
24.06.2024 01:08:36.598,7.45929,7.4586900000000025,800,1200
24.06.2024 01:08:36.999,7.45917,7.45868,500,600
24.06.2024 01:08:38.102,7.459249999999999,7.458679999999999,1000,900
24.06.2024 01:08:38.403,7.45927,7.458700000000003,600,700
24.06.2024 01:08:38.504,7.4591899999999995,7.458669999999995,1100,700
24.06.2024 01:08:39.357,7.45918,7.458660000000001,1400,1300
24.06.2024 01:08:39.960,7.45916,7.458689999999995,400,700
24.06.2024 01:08:40.661,7.459250000000001,7.458660000000002,600,400
24.06.2024 01:08:40.963,7.459160000000001,7.458639999999998,800,900
24.06.2024 01:08:41.965,7.45913,7.4586299999999985,900,1400
24.06.2024 01:08:42.066,7.459220000000001,7.458640000000004,800,400
24.06.2024 01:08:43.220,7.459230000000001,7.45867,500,800
24.06.2024 01:08:45.236,7.459220000000001,7.458650000000001,900,900
24.06.2024 01:08:48.091,7.459210000000001,7.458669999999997,800,1100
24.06.2024 01:08:48.992,7.459200000000001,7.458650000000001,900,800
24.06.2024 01:08:51.097,7.45924,7.458670000000001,1200,1100
24.06.2024 01:08:52.951,7.459249999999999,7.45868,700,1100
24.06.2024 01:08:54.005,7.459200000000001,7.458670000000001,500,400
24.06.2024 01:08:54.256,7.45919,7.4586500000000004,800,1200
24.06.2024 01:08:55.058,7.459200000000001,7.4586700000000015,600,1100
24.06.2024 01:08:55.810,7.459210000000001,7.458650000000001,500,800
24.06.2024 01:08:55.961,7.459250000000001,7.458670000000002,900,600
24.06.2024 01:09:01.220,7.45923,7.458680000000002,700,1000
24.06.2024 01:09:05.229,7.45925,7.458689999999995,900,1100
24.06.2024 01:09:09.991,7.45928,7.458680000000001,400,700
24.06.2024 01:09:11.994,7.45922,7.4586899999999945,1000,800
24.06.2024 01:09:35.232,7.459199999999999,7.458680000000003,800,1300
24.06.2024 01:09:39.290,7.45931,7.458690000000004,1200,600
24.06.2024 01:09:39.591,7.45919,7.458670000000002,1000,1000
24.06.2024 01:09:40.243,7.459200000000001,7.458650000000006,1200,500
24.06.2024 01:09:41.245,7.459230000000001,7.458669999999994,700,1000
24.06.2024 01:09:42.247,7.45932,7.458689999999998,800,900
24.06.2024 01:09:47.311,7.45923,7.458680000000001,1100,800
24.06.2024 01:09:48.813,7.45927,7.458689999999998,600,600
24.06.2024 01:09:49.214,7.459269999999999,7.458679999999998,1300,800
24.06.2024 01:09:50.216,7.45919,7.458680000000006,1100,1100
24.06.2024 01:09:51.218,7.4591400000000005,7.458650000000002,800,1100
24.06.2024 01:09:52.221,7.459180000000001,7.45867,800,800
24.06.2024 01:09:53.223,7.45928,7.458680000000006,1100,800
24.06.2024 01:09:56.688,7.45928,7.45869,700,1100
24.06.2024 01:09:57.239,7.459249999999999,7.4586800000000055,1000,1300
24.06.2024 01:10:00.195,7.459250000000002,7.458690000000001,1000,1200
24.06.2024 01:10:00.296,7.45931,7.458699999999995,600,700
24.06.2024 01:10:10.317,7.4592600000000004,7.458720000000006,500,1000
24.06.2024 01:10:16.227,7.4592600000000004,7.4586900000000025,700,1100
24.06.2024 01:10:16.329,7.4591899999999995,7.4586800000000055,600,800
24.06.2024 01:10:18.131,7.45929,7.45869,800,1300
24.06.2024 01:10:18.282,7.45917,7.4586700000000015,900,800
24.06.2024 01:10:18.990,7.459249999999999,7.458679999999999,1200,1200
24.06.2024 01:10:20.145,7.45924,7.458689999999995,1100,800
24.06.2024 01:10:20.197,7.459290000000001,7.458709999999999,600,500
24.06.2024 01:10:39.640,7.45935,7.458710000000003,800,400
24.06.2024 01:11:01.271,7.459340000000001,7.45874,800,600
24.06.2024 01:11:08.990,7.45922,7.458699999999996,1100,1300
24.06.2024 01:11:09.292,7.459149999999999,7.45868,1100,800
24.06.2024 01:11:10.294,7.459230000000001,7.458699999999995,900,900
24.06.2024 01:11:12.298,7.45926,7.458699999999998,600,700
24.06.2024 01:11:15.256,7.459210000000001,7.458690000000001,400,900
24.06.2024 01:11:15.306,7.45925,7.458700000000003,1100,1100
24.06.2024 01:11:16.259,7.459320000000001,7.4587100000000035,900,1200
24.06.2024 01:11:17.261,7.45921,7.458700000000002,1300,500
24.06.2024 01:11:21.270,7.45917,7.458689999999995,1200,1300
24.06.2024 01:11:22.272,7.45928,7.458699999999998,1100,400
24.06.2024 01:11:23.274,7.45927,7.4586899999999945,900,1000
24.06.2024 01:11:27.953,7.45914,7.45868,900,1300
24.06.2024 01:11:28.007,7.45922,7.4586900000000025,600,1300
24.06.2024 01:11:28.158,7.45927,7.4587,700,1300
24.06.2024 01:11:28.259,7.45921,7.4586800000000055,500,600
24.06.2024 01:11:29.161,7.45927,7.458689999999998,800,1300
24.06.2024 01:11:30.263,7.45926,7.4586999999999986,900,1000
24.06.2024 01:11:31.264,7.45924,7.45871,800,700
24.06.2024 01:11:31.565,7.459270000000001,7.458729999999996,400,700
24.06.2024 01:11:36.275,7.45929,7.4587,1300,600
24.06.2024 01:11:36.527,7.459300000000001,7.458710000000005,800,1000
24.06.2024 01:11:36.980,7.45926,7.458700000000005,600,1400
24.06.2024 01:11:37.281,7.459270000000001,7.458709999999996,900,500
24.06.2024 01:11:38.284,7.459330000000001,7.458729999999998,700,900
24.06.2024 01:11:39.286,7.459320000000001,7.458709999999998,1100,600
24.06.2024 01:11:39.888,7.459270000000001,7.458730000000004,600,1200
24.06.2024 01:11:40.139,7.459300000000001,7.458710000000005,1000,1000
24.06.2024 01:11:40.290,7.459340000000001,7.4587299999999965,1200,900
24.06.2024 01:11:41.843,7.459270000000001,7.458709999999996,1000,700
24.06.2024 01:11:49.258,7.4592800000000015,7.458729999999999,800,1000
24.06.2024 01:11:50.260,7.459270000000001,7.458710000000006,900,800
24.06.2024 01:11:52.264,7.459270000000001,7.458730000000002,900,1300
24.06.2024 01:11:53.266,7.4592600000000004,7.4587099999999955,400,900
24.06.2024 01:11:54.270,7.4592800000000015,7.458730000000005,500,1100
24.06.2024 01:11:55.222,7.459230000000001,7.458709999999996,500,1000
24.06.2024 01:11:56.274,7.459310000000001,7.458730000000001,1100,1300
24.06.2024 01:12:00.281,7.45929,7.45871,500,700
24.06.2024 01:12:14.063,7.459310000000001,7.458710000000005,1000,800
24.06.2024 01:12:14.165,7.459269999999999,7.458680000000004,1100,1300
24.06.2024 01:12:20.178,7.45924,7.458700000000003,1200,1100
24.06.2024 01:12:21.681,7.459199999999999,7.458699999999999,700,1200
24.06.2024 01:12:28.002,7.45931,7.458700000000002,500,1200
24.06.2024 01:13:24.774,7.45929,7.458700000000003,1000,1000
24.06.2024 01:13:34.995,7.45929,7.458689999999995,600,700
24.06.2024 01:13:35.998,7.4593300000000005,7.458689999999998,1000,400
24.06.2024 01:13:37.201,7.45924,7.45869,400,600
24.06.2024 01:13:43.992,7.4593300000000005,7.458690000000002,1200,500
24.06.2024 01:13:44.693,7.45923,7.45868,900,1000
24.06.2024 01:13:44.994,7.45924,7.458690000000002,1400,600
24.06.2024 01:13:50.207,7.45921,7.458680000000004,900,700
24.06.2024 01:13:51.712,7.45927,7.458690000000001,1100,900
24.06.2024 01:13:52.819,7.459270000000001,7.458690000000001,1200,900
24.06.2024 01:13:52.970,7.45923,7.458690000000004,1000,1300
24.06.2024 01:13:57.981,7.459300000000001,7.458690000000004,1400,1100
24.06.2024 01:14:12.496,7.45928,7.458690000000001,400,600
24.06.2024 01:14:13.198,7.459340000000001,7.458690000000002,800,900
24.06.2024 01:14:14.200,7.45928,7.458689999999998,600,400
24.06.2024 01:14:16.957,7.459219999999999,7.458680000000001,1300,800
24.06.2024 01:14:17.960,7.459240000000001,7.458699999999999,1300,1100
24.06.2024 01:14:18.963,7.459300000000001,7.458689999999999,1400,1100
24.06.2024 01:14:21.369,7.45932,7.458689999999998,1100,1200
24.06.2024 01:14:27.531,7.459280000000001,7.458719999999996,600,900
24.06.2024 01:14:27.707,7.4593300000000005,7.458740000000002,1300,700
24.06.2024 01:14:28.109,7.45934,7.458760000000001,700,1300
24.06.2024 01:14:29.163,7.45936,7.458769999999999,1000,1300
24.06.2024 01:14:30.166,7.459390000000001,7.458760000000003,1000,1300
24.06.2024 01:14:32.777,7.45931,7.458750000000003,900,1100
24.06.2024 01:14:36.037,7.45931,7.458770000000001,1100,700
24.06.2024 01:14:38.844,7.45928,7.458750000000005,800,700
24.06.2024 01:14:39.145,7.45934,7.458769999999998,700,1000
24.06.2024 01:14:39.246,7.45928,7.458750000000002,500,1100
24.06.2024 01:14:39.447,7.4593300000000005,7.458760000000006,800,1200
24.06.2024 01:14:40.348,7.459210000000001,7.458709999999996,800,500
24.06.2024 01:15:00.244,7.459240000000001,7.45873,500,1300
24.06.2024 01:15:00.295,7.459280000000001,7.458739999999995,1200,500
24.06.2024 01:15:01.957,7.459220000000001,7.458730000000004,900,1200
24.06.2024 01:15:02.108,7.459300000000002,7.45874,600,1200
24.06.2024 01:15:04.162,7.4592,7.458729999999996,1100,1200
24.06.2024 01:15:05.215,7.45921,7.4587400000000015,700,1300
24.06.2024 01:15:05.967,7.45924,7.458730000000005,900,600
24.06.2024 01:15:06.669,7.45925,7.458739999999997,900,700
24.06.2024 01:15:06.719,7.45924,7.458730000000005,1000,700
24.06.2024 01:15:07.271,7.45929,7.458739999999999,500,1100
24.06.2024 01:15:09.977,7.459210000000001,7.458730000000002,1400,700
24.06.2024 01:15:10.027,7.459199999999999,7.458749999999999,900,900
24.06.2024 01:15:10.283,7.459300000000001,7.45875,1200,700
24.06.2024 01:15:11.136,7.45929,7.4587400000000015,1100,1200
24.06.2024 01:15:13.292,7.459230000000001,7.458750000000001,800,700
24.06.2024 01:15:13.844,7.45929,7.458740000000005,800,1300
24.06.2024 01:15:14.095,7.459300000000001,7.458750000000003,900,400
24.06.2024 01:15:14.847,7.45927,7.458740000000002,900,1200
24.06.2024 01:15:18.832,7.4592600000000004,7.458730000000003,400,700
24.06.2024 01:15:19.133,7.45921,7.458740000000001,500,900
24.06.2024 01:15:19.935,7.4592,7.4587299999999965,700,1300
24.06.2024 01:15:20.086,7.45927,7.458739999999999,1200,400
24.06.2024 01:15:20.137,7.45923,7.458730000000002,1100,1000
24.06.2024 01:15:20.188,7.45927,7.458740000000002,1400,1300
24.06.2024 01:15:20.339,7.459320000000001,7.4587499999999975,1000,1200
24.06.2024 01:15:20.390,7.4593,7.458769999999998,1000,1400
24.06.2024 01:15:24.198,7.45928,7.458740000000002,1200,1200
24.06.2024 01:15:24.250,7.459230000000001,7.458749999999995,700,700
24.06.2024 01:15:24.451,7.459300000000002,7.45876,600,1200
24.06.2024 01:15:24.502,7.45928,7.458759999999995,400,800
24.06.2024 01:15:24.553,7.459270000000001,7.458759999999996,600,700
24.06.2024 01:15:25.304,7.45921,7.458739999999995,1100,1300
24.06.2024 01:15:25.906,7.45931,7.458750000000001,700,1300
24.06.2024 01:15:26.107,7.45924,7.458739999999997,1000,1200
24.06.2024 01:15:26.158,7.45924,7.458749999999998,400,800
24.06.2024 01:15:26.609,7.459330000000001,7.4587600000000025,1000,1100
24.06.2024 01:15:26.760,7.459280000000001,7.458750000000005,800,800
24.06.2024 01:15:27.161,7.459300000000002,7.458760000000002,800,700
24.06.2024 01:15:27.362,7.45922,7.458759999999996,1100,1100
24.06.2024 01:15:27.613,7.45924,7.458739999999995,1000,700
24.06.2024 01:15:28.515,7.45929,7.458750000000005,1200,900
24.06.2024 01:15:30.123,7.4593,7.458739999999997,700,1200
24.06.2024 01:15:31.025,7.45918,7.458730000000002,600,800
24.06.2024 01:15:34.141,7.45927,7.458739999999999,400,500
24.06.2024 01:15:34.643,7.45931,7.4587500000000055,1300,1200
24.06.2024 01:15:35.094,7.459210000000001,7.458730000000005,1300,1400
24.06.2024 01:15:35.397,7.45928,7.458739999999998,600,800
24.06.2024 01:15:36.049,7.4593300000000005,7.4587699999999995,800,400
24.06.2024 01:17:20.142,7.459260000000001,7.458760000000002,800,900
24.06.2024 01:17:22.147,7.4592600000000004,7.458750000000002,800,900
24.06.2024 01:17:23.149,7.4593500000000015,7.458760000000003,900,700
24.06.2024 01:17:24.253,7.45936,7.458769999999999,800,1200
24.06.2024 01:17:39.271,7.459380000000001,7.458779999999998,500,600
24.06.2024 01:18:27.725,7.45938,7.458799999999998,500,1000
24.06.2024 01:18:27.826,7.45936,7.458780000000003,1100,1100
24.06.2024 01:18:28.127,7.459390000000001,7.458780000000003,1200,1100
24.06.2024 01:18:32.537,7.4593,7.458760000000002,1300,1000
24.06.2024 01:18:32.839,7.45928,7.458770000000002,500,600
24.06.2024 01:18:33.142,7.4593300000000005,7.458759999999996,500,400
24.06.2024 01:18:33.193,7.45929,7.458770000000003,1000,900
24.06.2024 01:18:37.100,7.4593,7.45876,700,1300
24.06.2024 01:18:39.103,7.45932,7.45877,1300,500
24.06.2024 01:18:40.606,7.459280000000001,7.458759999999998,500,700
24.06.2024 01:18:40.807,7.45929,7.458769999999996,1100,500
24.06.2024 01:18:41.058,7.45925,7.458760000000002,700,1000
24.06.2024 01:18:41.658,7.459270000000001,7.45875,1300,500
24.06.2024 01:18:43.094,7.4593,7.4587600000000025,1400,500
24.06.2024 01:18:45.106,7.459270000000001,7.4587800000000035,600,800
24.06.2024 01:18:54.124,7.4592600000000004,7.458760000000006,1000,1000
24.06.2024 01:18:55.177,7.4592100000000015,7.458750000000005,500,500
24.06.2024 01:18:56.181,7.459280000000001,7.458760000000001,1400,1100
24.06.2024 01:19:00.092,7.45927,7.458769999999998,600,500
24.06.2024 01:19:01.445,7.459370000000001,7.45878,800,500
24.06.2024 01:19:23.032,7.459280000000001,7.45876,700,1100
24.06.2024 01:19:24.387,7.45937,7.458769999999998,500,1400
24.06.2024 01:19:28.998,7.45929,7.4587600000000025,700,900
24.06.2024 01:19:29.401,7.459340000000001,7.4587800000000035,1300,400
24.06.2024 01:19:30.405,7.45934,7.458760000000005,1300,1300
24.06.2024 01:19:31.958,7.459250000000002,7.458749999999996,1000,1400
24.06.2024 01:19:34.415,7.459220000000001,7.4587400000000015,1200,900
24.06.2024 01:19:35.216,7.459220000000001,7.45875,800,800
24.06.2024 01:19:35.817,7.459250000000001,7.4587400000000015,400,1200
24.06.2024 01:19:36.170,7.459260000000001,7.458750000000003,900,500
24.06.2024 01:19:38.172,7.459230000000001,7.45874,1300,600
24.06.2024 01:19:39.205,7.459300000000002,7.45875,1300,1000
24.06.2024 01:19:39.406,7.459210000000001,7.458740000000005,600,500
24.06.2024 01:19:40.761,7.459310000000001,7.45875,400,500
24.06.2024 01:19:41.414,7.459180000000001,7.458739999999999,1200,400
24.06.2024 01:19:42.569,7.45926,7.458759999999998,500,1100
24.06.2024 01:19:44.675,7.45932,7.4587600000000025,400,500
24.06.2024 01:19:44.976,7.45921,7.45876,900,900
24.06.2024 01:19:49.387,7.4593,7.458760000000005,900,600
24.06.2024 01:19:52.393,7.4592800000000015,7.458749999999998,600,800
24.06.2024 01:19:55.397,7.4593,7.458760000000001,800,1200
24.06.2024 01:19:55.799,7.459230000000002,7.458750000000001,800,500
24.06.2024 01:19:56.000,7.45931,7.458759999999995,1100,500
24.06.2024 01:19:56.402,7.459250000000002,7.458749999999998,800,700
24.06.2024 01:19:57.205,7.4592600000000004,7.458759999999998,1300,1100
24.06.2024 01:19:58.207,7.45934,7.458770000000001,1400,600
24.06.2024 01:19:59.809,7.4593300000000005,7.458759999999999,1100,1200
24.06.2024 01:20:00.010,7.45933,7.458770000000002,600,1300
24.06.2024 01:20:00.062,7.4592600000000004,7.458760000000005,700,900
24.06.2024 01:20:00.162,7.4593,7.458769999999998,700,400
24.06.2024 01:20:03.171,7.45935,7.4587900000000005,1200,600
24.06.2024 01:20:04.974,7.45931,7.458769999999995,1400,600
24.06.2024 01:20:06.982,7.45929,7.458760000000002,1000,700
24.06.2024 01:20:07.183,7.45928,7.458769999999995,800,1400
24.06.2024 01:20:07.384,7.45932,7.458759999999996,800,900
24.06.2024 01:20:10.641,7.45933,7.458770000000003,1200,600
24.06.2024 01:20:10.941,7.45932,7.458759999999999,1300,500
24.06.2024 01:20:11.192,7.45929,7.458769999999998,900,500
24.06.2024 01:20:11.993,7.4593300000000005,7.458760000000001,1100,400
24.06.2024 01:20:14.200,7.45934,7.458770000000005,400,700
24.06.2024 01:20:14.401,7.4592600000000004,7.45876,1200,1200
24.06.2024 01:20:15.204,7.45932,7.45877,800,1100
24.06.2024 01:20:23.173,7.45936,7.45878,1200,500
24.06.2024 01:20:24.124,7.45935,7.458769999999998,500,1100
24.06.2024 01:20:24.576,7.45936,7.458780000000002,600,400
24.06.2024 01:20:30.789,7.4593500000000015,7.458779999999996,900,900
24.06.2024 01:20:35.049,7.459340000000001,7.458779999999998,500,1000
24.06.2024 01:20:35.100,7.45932,7.4587699999999995,1000,600
24.06.2024 01:20:35.402,7.459370000000001,7.4587800000000035,1200,800
24.06.2024 01:20:38.391,7.45934,7.458770000000002,700,600
24.06.2024 01:20:41.450,7.45936,7.45878,1400,1200
24.06.2024 01:20:42.410,7.45933,7.458770000000001,700,1000
24.06.2024 01:20:44.414,7.45931,7.458760000000001,1100,800
24.06.2024 01:20:44.766,7.45923,7.4587600000000025,1200,1000
24.06.2024 01:20:46.920,7.45931,7.458759999999999,1100,900
24.06.2024 01:20:54.381,7.45937,7.458769999999999,1000,700
24.06.2024 01:21:00.192,7.45938,7.458780000000001,700,1000
24.06.2024 01:21:01.398,7.459350000000001,7.458780000000002,700,900
24.06.2024 01:21:10.917,7.459360000000001,7.4587900000000005,1300,1200
24.06.2024 01:21:24.048,7.45934,7.458780000000006,900,1100
24.06.2024 01:21:39.437,7.459390000000001,7.458799999999999,500,900
24.06.2024 01:21:52.368,7.45924,7.458759999999999,1400,700
24.06.2024 01:22:54.298,7.459270000000001,7.458770000000003,1200,1300
24.06.2024 01:23:02.620,7.459280000000001,7.458789999999998,1200,700
24.06.2024 01:23:09.334,7.4593300000000005,7.4587900000000005,600,500
24.06.2024 01:23:09.585,7.45931,7.458789999999999,900,600
24.06.2024 01:23:22.832,7.459270000000001,7.458779999999999,400,1000
24.06.2024 01:23:25.187,7.45931,7.458769999999995,1100,600
24.06.2024 01:23:28.344,7.45931,7.458790000000002,700,1100
24.06.2024 01:23:28.796,7.45929,7.458769999999998,1000,1300
24.06.2024 01:23:32.304,7.459320000000001,7.45878,700,800
24.06.2024 01:23:32.555,7.45931,7.458769999999996,900,1000
24.06.2024 01:23:32.856,7.459290000000001,7.45878,1000,700
24.06.2024 01:23:33.358,7.45924,7.458769999999999,800,1300
24.06.2024 01:23:33.508,7.459300000000001,7.45878,600,900
24.06.2024 01:23:34.310,7.45923,7.458770000000006,1300,1300
24.06.2024 01:23:37.317,7.4592600000000004,7.458779999999998,1100,900
24.06.2024 01:23:38.770,7.45922,7.45877,900,900
24.06.2024 01:23:40.326,7.459300000000001,7.458780000000001,1300,900
24.06.2024 01:23:41.328,7.45929,7.458770000000001,900,1000
24.06.2024 01:23:41.529,7.4593300000000005,7.458780000000002,800,1200
24.06.2024 01:23:42.331,7.45932,7.45877,500,500
24.06.2024 01:23:43.332,7.459280000000001,7.458780000000005,1200,1100
24.06.2024 01:23:43.533,7.4592600000000004,7.458769999999996,1200,800
24.06.2024 01:23:43.735,7.459300000000001,7.4587799999999955,800,1000
24.06.2024 01:23:43.986,7.4593,7.458769999999998,1400,1400
24.06.2024 01:23:44.186,7.4593300000000005,7.458789999999994,1300,600
24.06.2024 01:23:44.337,7.4593,7.45877,700,1300
24.06.2024 01:23:45.340,7.459280000000001,7.458779999999998,800,1100
24.06.2024 01:23:46.342,7.45925,7.458770000000002,1000,800
24.06.2024 01:23:46.994,7.459350000000001,7.458779999999998,500,600
24.06.2024 01:23:48.326,7.45928,7.45877,900,900
24.06.2024 01:24:20.108,7.459300000000001,7.458780000000001,1100,1300
24.06.2024 01:24:22.062,7.45936,7.458809999999996,800,900
24.06.2024 01:24:26.029,7.459340000000001,7.458799999999996,700,700
24.06.2024 01:24:27.034,7.459320000000001,7.458789999999997,500,600
24.06.2024 01:24:27.335,7.459310000000001,7.458799999999999,500,700
24.06.2024 01:24:28.036,7.45943,7.45881,900,1200
24.06.2024 01:25:23.405,7.459330000000001,7.458799999999999,1100,1000
24.06.2024 01:25:23.607,7.4594,7.458810000000005,1200,1100
24.06.2024 01:25:29.674,7.459410000000001,7.458799999999998,1100,900
24.06.2024 01:25:47.436,7.45924,7.458770000000003,900,700
24.06.2024 01:26:59.907,7.459370000000001,7.458790000000004,700,1100
24.06.2024 01:27:00.360,7.4592600000000004,7.458779999999996,500,700
24.06.2024 01:27:00.411,7.45934,7.4587900000000005,1200,1100
24.06.2024 01:27:01.814,7.4593300000000005,7.458769999999998,1200,500
24.06.2024 01:27:02.065,7.45933,7.4587900000000005,900,1000
24.06.2024 01:27:16.396,7.459340000000001,7.458799999999997,500,1300
24.06.2024 01:27:23.385,7.459270000000001,7.458780000000006,500,900
24.06.2024 01:27:23.786,7.45927,7.4587900000000005,500,1100
24.06.2024 01:27:27.094,7.4592600000000004,7.4587699999999995,500,500
24.06.2024 01:27:27.395,7.45934,7.45879,1400,800
24.06.2024 01:27:31.806,7.4593300000000005,7.458769999999999,800,800
24.06.2024 01:27:35.014,7.45932,7.458790000000005,500,1100
24.06.2024 01:27:39.426,7.45924,7.458779999999998,1200,400
24.06.2024 01:27:39.828,7.45927,7.458790000000001,700,1400
24.06.2024 01:27:40.530,7.4593,7.458779999999998,1100,700
24.06.2024 01:27:42.383,7.4592800000000015,7.458760000000006,1300,1100
24.06.2024 01:27:45.438,7.4594000000000005,7.458800000000002,1100,1000
24.06.2024 01:27:47.392,7.459350000000001,7.458809999999996,1000,700
24.06.2024 01:29:01.396,7.45931,7.458810000000006,1200,1000
24.06.2024 01:29:02.398,7.45932,7.458779999999998,1200,900
24.06.2024 01:29:03.503,7.459240000000001,7.458760000000005,600,800
24.06.2024 01:29:13.574,7.45923,7.458769999999998,900,1000
24.06.2024 01:29:25.304,7.459320000000001,7.458790000000004,1100,1000
24.06.2024 01:29:25.355,7.459300000000001,7.458779999999996,1400,900
24.06.2024 01:29:26.360,7.45934,7.4587900000000005,1000,1100
24.06.2024 01:29:28.163,7.459360000000001,7.4588,600,1400
24.06.2024 01:29:28.414,7.459370000000001,7.458790000000002,400,1200
24.06.2024 01:29:32.220,7.4593500000000015,7.458800000000003,1100,1200
24.06.2024 01:29:35.378,7.4593300000000005,7.458799999999999,900,500
24.06.2024 01:29:38.067,7.45934,7.458809999999996,900,1000
24.06.2024 01:29:40.373,7.45938,7.458800000000005,1000,800
24.06.2024 01:29:42.379,7.4593300000000005,7.458810000000001,1200,1100
24.06.2024 01:30:07.352,7.4593300000000005,7.458800000000001,900,800
24.06.2024 01:30:09.356,7.45941,7.45881,500,1100
24.06.2024 01:30:12.411,7.459350000000001,7.4588000000000045,600,900
24.06.2024 01:30:12.461,7.459350000000001,7.4588100000000015,1100,400
24.06.2024 01:30:12.765,7.459320000000001,7.458799999999999,1000,1300
24.06.2024 01:30:20.483,7.45933,7.45879,400,1100
24.06.2024 01:30:21.234,7.45932,7.458810000000006,700,900
24.06.2024 01:30:26.291,7.459230000000002,7.458759999999995,900,600
24.06.2024 01:30:32.156,7.45934,7.458780000000005,900,1300
24.06.2024 01:30:32.407,7.459270000000001,7.458759999999998,500,1400
24.06.2024 01:30:33.259,7.459450000000001,7.458549999999999,3070,2919.9999
24.06.2024 01:30:36.019,7.4592600000000004,7.458790000000001,900,500
24.06.2024 01:30:39.279,7.459290000000001,7.458760000000003,1300,600
24.06.2024 01:30:39.380,7.45925,7.458779999999999,600,400
24.06.2024 01:30:54.262,7.45938,7.458800000000005,1300,1300
24.06.2024 01:30:56.315,7.45934,7.458810000000006,1000,1300
24.06.2024 01:30:59.369,7.45938,7.458799999999998,1100,500
24.06.2024 01:30:59.420,7.459420000000001,7.458810000000006,900,600
24.06.2024 01:30:59.621,7.459390000000001,7.458800000000003,1200,900
24.06.2024 01:31:01.225,7.4593300000000005,7.45881,1200,800
24.06.2024 01:31:03.980,7.4593300000000005,7.458799999999997,1300,800
24.06.2024 01:31:07.253,7.459420000000001,7.458810000000001,700,700
24.06.2024 01:31:12.118,7.45931,7.4588100000000015,1200,1300
24.06.2024 01:31:12.169,7.45939,7.458820000000005,1200,1200
24.06.2024 01:31:13.220,7.459340000000001,7.458799999999995,1400,1000
24.06.2024 01:31:16.276,7.459420000000001,7.458810000000002,1200,1000
24.06.2024 01:31:16.329,7.45931,7.458809999999995,700,500
24.06.2024 01:31:18.132,7.45943,7.458809999999998,900,1300
24.06.2024 01:31:38.278,7.459300000000001,7.458799999999999,1300,600
24.06.2024 01:31:39.281,7.45934,7.458809999999998,500,500
24.06.2024 01:31:45.269,7.4593300000000005,7.458800000000003,900,700
24.06.2024 01:31:47.222,7.459330000000001,7.458800000000001,900,600
24.06.2024 01:31:47.574,7.459340000000001,7.458799999999998,700,1000
24.06.2024 01:31:51.433,7.45932,7.4588199999999985,800,900
24.06.2024 01:31:55.241,7.45934,7.458790000000002,1200,1100
24.06.2024 01:31:56.494,7.45937,7.458810000000003,600,400
24.06.2024 01:32:00.603,7.45941,7.458809999999995,900,400
24.06.2024 01:32:02.256,7.459340000000001,7.4588000000000045,800,1400
24.06.2024 01:32:03.258,7.45932,7.458789999999995,700,800
24.06.2024 01:32:05.314,7.459370000000001,7.458799999999999,1400,700
24.06.2024 01:32:05.716,7.45935,7.458789999999999,500,1000
24.06.2024 01:32:06.267,7.45936,7.458800000000001,500,700
24.06.2024 01:32:07.219,7.4593,7.458790000000004,1100,800
24.06.2024 01:32:07.270,7.459350000000001,7.458799999999997,600,600
24.06.2024 01:32:08.322,7.45936,7.4587900000000005,500,1400
24.06.2024 01:32:09.155,7.45931,7.45878,1400,1300
24.06.2024 01:32:10.258,7.459350000000001,7.458799999999997,500,1200
24.06.2024 01:32:11.311,7.45934,7.458819999999996,700,500
24.06.2024 01:32:11.361,7.45938,7.4588000000000045,500,900
24.06.2024 01:32:13.316,7.45934,7.4587900000000005,800,700
24.06.2024 01:32:13.617,7.45927,7.458780000000003,600,600
24.06.2024 01:32:13.668,7.45936,7.458800000000001,1200,600
24.06.2024 01:32:14.069,7.45924,7.4587900000000005,500,700
24.06.2024 01:32:14.120,7.45932,7.458789999999994,1100,600
24.06.2024 01:32:14.220,7.459340000000001,7.458799999999996,1400,900
24.06.2024 01:32:16.226,7.45932,7.4587800000000035,900,1300
24.06.2024 01:32:17.078,7.459290000000001,7.458760000000001,800,600
24.06.2024 01:32:17.329,7.4593,7.458780000000002,1100,600
24.06.2024 01:32:19.233,7.45936,7.4588,600,700
24.06.2024 01:32:20.335,7.45933,7.458790000000005,800,1200
24.06.2024 01:32:26.249,7.459310000000001,7.458759999999998,600,1200
24.06.2024 01:32:44.455,7.45929,7.458779999999999,400,800
24.06.2024 01:32:44.506,7.45924,7.458770000000001,700,1200
24.06.2024 01:32:49.070,7.459280000000001,7.458790000000004,1200,600
24.06.2024 01:32:49.371,7.459250000000002,7.458760000000002,1400,600
24.06.2024 01:32:50.173,7.45927,7.45878,600,700
24.06.2024 01:32:50.224,7.459300000000002,7.458760000000005,500,1300
24.06.2024 01:32:56.487,7.459280000000001,7.458790000000001,1200,1100
24.06.2024 01:32:56.688,7.4592800000000015,7.458760000000003,1200,1000
24.06.2024 01:32:56.739,7.45934,7.458780000000003,1200,900
24.06.2024 01:32:56.789,7.459310000000001,7.458759999999998,1100,800
24.06.2024 01:33:02.999,7.4593,7.458780000000006,600,900
24.06.2024 01:33:03.050,7.459250000000002,7.458760000000002,1100,1000
24.06.2024 01:33:12.290,7.45927,7.458780000000005,900,1000
24.06.2024 01:33:13.293,7.459290000000001,7.458760000000003,700,900
24.06.2024 01:33:13.495,7.45931,7.4587799999999955,600,900
24.06.2024 01:33:14.047,7.45929,7.458789999999999,400,1200
24.06.2024 01:33:14.299,7.459340000000001,7.458800000000003,500,800
24.06.2024 01:33:16.503,7.45936,7.4588100000000015,800,700
24.06.2024 01:33:16.753,7.459390000000001,7.4588000000000045,800,900
24.06.2024 01:33:16.954,7.4593300000000005,7.458810000000005,1200,600
24.06.2024 01:35:50.576,7.45931,7.458800000000002,1300,1200
24.06.2024 01:36:02.853,7.459420000000001,7.458809999999995,1000,800
24.06.2024 01:37:03.148,7.459440000000001,7.4588000000000045,600,1000
24.06.2024 01:37:26.463,7.459400000000001,7.458800000000001,800,900
24.06.2024 01:37:26.764,7.4594000000000005,7.458799999999999,500,400
24.06.2024 01:37:34.028,7.45941,7.458790000000002,600,1200
24.06.2024 01:37:35.283,7.45941,7.458799999999999,700,800
24.06.2024 01:37:43.803,7.45941,7.458790000000004,1200,1300
24.06.2024 01:37:44.054,7.45936,7.458779999999998,400,500
24.06.2024 01:37:45.057,7.45932,7.4587900000000005,900,900
24.06.2024 01:37:46.267,7.45937,7.4587800000000035,1400,1000
24.06.2024 01:37:52.027,7.45934,7.458779999999996,600,1000
24.06.2024 01:37:53.079,7.45932,7.458780000000001,500,500
24.06.2024 01:37:53.281,7.459290000000001,7.458770000000002,1300,1400
24.06.2024 01:37:53.832,7.45934,7.458770000000006,500,1400
24.06.2024 01:37:54.033,7.459290000000001,7.458759999999995,800,900
24.06.2024 01:37:55.036,7.459280000000001,7.458769999999998,1000,1000
24.06.2024 01:37:57.039,7.459290000000001,7.4587600000000025,600,900
24.06.2024 01:37:58.242,7.45925,7.458770000000005,700,900
24.06.2024 01:37:58.293,7.4592800000000015,7.458759999999999,700,1100
24.06.2024 01:38:02.052,7.4592600000000004,7.458769999999996,400,900
24.06.2024 01:38:04.008,7.459260000000001,7.45876,600,700
24.06.2024 01:38:04.058,7.4593,7.458770000000001,900,400
24.06.2024 01:38:04.810,7.459260000000001,7.458760000000005,900,400
24.06.2024 01:38:08.017,7.45925,7.458770000000002,1100,1200
24.06.2024 01:38:09.821,7.459250000000002,7.458760000000006,500,500
24.06.2024 01:38:23.020,7.4592600000000004,7.458770000000001,800,700
24.06.2024 01:38:24.022,7.459230000000002,7.458760000000003,700,1000
24.06.2024 01:38:24.824,7.4593,7.458769999999996,1100,700
24.06.2024 01:38:25.375,7.459220000000001,7.458760000000002,900,1000
24.06.2024 01:38:28.832,7.4593,7.458769999999999,500,1400
24.06.2024 01:38:29.837,7.459260000000001,7.458760000000003,1200,1300
24.06.2024 01:38:30.237,7.45924,7.458779999999998,700,900
24.06.2024 01:38:31.439,7.45934,7.458779999999998,500,1200
24.06.2024 01:38:32.041,7.45927,7.458769999999998,1100,900
24.06.2024 01:38:34.046,7.459270000000001,7.4587600000000025,1100,1100
24.06.2024 01:38:36.402,7.45932,7.458779999999999,1200,500
24.06.2024 01:38:37.057,7.459370000000001,7.458789999999995,700,1200
24.06.2024 01:38:37.109,7.45933,7.458780000000003,1000,1300
24.06.2024 01:38:38.064,7.459340000000001,7.458789999999997,1300,600
24.06.2024 01:38:38.315,7.45932,7.458779999999998,900,800
24.06.2024 01:38:41.019,7.45927,7.458770000000005,1000,1100
24.06.2024 01:38:42.022,7.45935,7.458779999999998,1000,1300
24.06.2024 01:38:44.677,7.45931,7.458770000000005,1300,600
24.06.2024 01:38:44.878,7.45937,7.458780000000006,1100,1200
24.06.2024 01:38:46.832,7.459300000000002,7.458759999999998,800,1300
24.06.2024 01:38:48.836,7.45924,7.458770000000006,1100,400
24.06.2024 01:38:49.037,7.459220000000001,7.458760000000003,500,400
24.06.2024 01:38:52.443,7.45925,7.458770000000005,600,900
24.06.2024 01:38:55.699,7.459300000000002,7.458759999999999,700,1400
24.06.2024 01:38:58.804,7.4593,7.458770000000006,700,1300
24.06.2024 01:38:59.806,7.459230000000002,7.458759999999998,900,800
24.06.2024 01:39:00.056,7.4593,7.458770000000005,1200,1400
