Gmt time,Ask,Bid,AskVolume,BidVolume
24.06.2024 00:00:02.763,1.1304400000000001,1.1303500000000002,1200,1700
24.06.2024 00:00:04.124,1.13043,1.13029,1000,1000
24.06.2024 00:00:05.585,1.13047,1.1303400000000001,900,800
24.06.2024 00:00:08.852,1.13054,1.1302800000000002,1100,1600
24.06.2024 00:00:12.280,1.1304800000000002,1.1303,1200,1120.0001
24.06.2024 00:00:12.937,1.13043,1.1303400000000001,1100,1600
24.06.2024 00:00:13.038,1.13041,1.13031,1600,1300
24.06.2024 00:00:15.353,1.1304800000000002,1.1303400000000001,1400,1400
24.06.2024 00:00:18.173,1.13054,1.1302400000000001,8719.9999,10019.9997
24.06.2024 00:00:20.938,1.1304800000000002,1.1302300000000003,9720.0005,9140.0002
24.06.2024 00:00:23.156,1.13047,1.13021,8819.9999,1840.0001000000002
24.06.2024 00:00:24.064,1.13057,1.13024,8819.9999,1320
24.06.2024 00:00:24.367,1.1305,1.13026,10020.0005,9819.9997
24.06.2024 00:00:27.942,1.13047,1.1302100000000002,10020.0005,9620.0001
24.06.2024 00:00:29.299,1.1304800000000002,1.1302600000000003,10220.0005,9020.0001
24.06.2024 00:00:29.401,1.13051,1.1302200000000002,1120.0001,9020.0001
24.06.2024 00:00:29.654,1.13045,1.1301700000000001,10520.0005,10119.9997
24.06.2024 00:00:30.258,1.13045,1.1302,10720.0001,10419.9997
24.06.2024 00:00:32.070,1.13048,1.1302400000000001,1320.0001,1920
24.06.2024 00:00:33.581,1.1304800000000002,1.1302,1020.0001,1420
24.06.2024 00:00:37.308,1.13052,1.13015,1420.0001,920.0001
24.06.2024 00:00:43.958,1.13048,1.13019,1820.0001,10219.9997
24.06.2024 00:00:44.665,1.13043,1.1302100000000002,1520.0001,1540
24.06.2024 00:00:46.576,1.1304500000000002,1.1303200000000002,9200,2020
24.06.2024 00:00:46.678,1.1304400000000001,1.13027,9300,1640
24.06.2024 00:00:46.830,1.13059,1.1303400000000001,9720.0005,2240
24.06.2024 00:00:47.739,1.1305699999999999,1.1302800000000002,1320.0001,1520
24.06.2024 00:00:48.143,1.1306,1.1303500000000002,9119.9999,1120.0001
24.06.2024 00:00:50.156,1.13055,1.13031,1000,9119.9999
24.06.2024 00:00:50.258,1.13053,1.13029,1220.0001,9519.9999
24.06.2024 00:00:51.971,1.13057,1.1303,1520.0001,9520.0005
24.06.2024 00:00:53.229,1.13047,1.13028,1500,9019.9999
24.06.2024 00:00:53.280,1.1305100000000001,1.13028,1220.0001,9119.9999
24.06.2024 00:00:53.433,1.1305600000000002,1.1302400000000001,1040,9619.9999
24.06.2024 00:00:53.535,1.13049,1.1303,1000,1720.0001
24.06.2024 00:00:53.687,1.13045,1.13027,1420.0001,1700
24.06.2024 00:00:53.789,1.13043,1.1302000000000003,1100,920.0001
24.06.2024 00:00:54.244,1.13043,1.1301800000000002,1400,1200
24.06.2024 00:00:56.507,1.13035,1.13015,700,1120.0001
24.06.2024 00:00:56.609,1.13038,1.13011,1300,9620.0005
24.06.2024 00:00:58.969,1.13037,1.13018,1400,1620.0001
24.06.2024 00:01:00.278,1.13036,1.13012,800,1120.0001
24.06.2024 00:01:06.790,1.13035,1.13016,1200,1520.0001
24.06.2024 00:01:06.892,1.13036,1.13016,1500,800
24.06.2024 00:01:07.599,1.13039,1.13019,800,1420.0001
24.06.2024 00:01:07.700,1.13042,1.13016,700,1420.0001
24.06.2024 00:01:09.060,1.1304100000000001,1.13018,1300,1720.0001
24.06.2024 00:01:09.162,1.13039,1.13019,700,1720.0001
24.06.2024 00:01:09.365,1.13038,1.13011,1000,1220.0001
24.06.2024 00:01:10.777,1.13039,1.13013,1100,1320.0001
24.06.2024 00:01:11.029,1.1303100000000001,1.1301599999999998,800,1220.0001
24.06.2024 00:01:13.594,1.13032,1.13016,1200,1720.0001
24.06.2024 00:01:16.008,1.13037,1.13016,1600,1320.0001
24.06.2024 00:01:16.411,1.13037,1.1302,1000,1720.0001
24.06.2024 00:01:17.017,1.13042,1.13017,1000,900
24.06.2024 00:01:17.421,1.13039,1.13016,1400,1520.0001
24.06.2024 00:01:32.157,1.1304,1.1302,1500,1320.0001
24.06.2024 00:01:32.259,1.13038,1.1301599999999998,900,1320.0001
24.06.2024 00:01:33.066,1.13036,1.13015,900,1320.0001
24.06.2024 00:01:34.378,1.13032,1.1301400000000001,1500,1700
24.06.2024 00:01:37.509,1.1303800000000002,1.1301999999999999,1100,900
24.06.2024 00:01:37.611,1.1302999999999999,1.1301800000000002,900,900
24.06.2024 00:01:39.675,1.13036,1.1301400000000001,1300,1020.0001
24.06.2024 00:01:41.335,1.13038,1.1301800000000002,1500,920.0001
24.06.2024 00:01:44.047,1.1303400000000001,1.13016,1500,700
24.06.2024 00:01:49.731,1.13033,1.1301800000000002,1100,1620.0001
24.06.2024 00:01:53.408,1.13037,1.13016,900,1200
24.06.2024 00:01:55.778,1.13034,1.13015,800,800
24.06.2024 00:01:57.136,1.1303400000000001,1.13017,700,1200
24.06.2024 00:01:57.591,1.1303800000000002,1.13016,800,900
24.06.2024 00:01:57.744,1.1304100000000001,1.1302500000000002,8500,800
24.06.2024 00:01:57.845,1.13043,1.13022,700,1200
24.06.2024 00:01:58.149,1.13034,1.1301700000000001,800,1120.0001
24.06.2024 00:01:58.453,1.13036,1.13018,1100,1720.0001
24.06.2024 00:01:59.459,1.13042,1.13023,700,1320.0001
24.06.2024 00:01:59.763,1.1303999999999998,1.13015,700,1400
24.06.2024 00:01:59.864,1.1304,1.1302100000000002,700,1120.0001
24.06.2024 00:02:01.174,1.1304100000000001,1.1302300000000003,1100,1200
24.06.2024 00:02:01.276,1.13037,1.13024,1400,900
24.06.2024 00:02:02.534,1.1304100000000001,1.13023,1200,1300
24.06.2024 00:02:04.797,1.1304,1.1302100000000002,1700,1700
24.06.2024 00:02:05.654,1.1304400000000001,1.1302600000000003,1400,800
24.06.2024 00:02:06.510,1.1303999999999998,1.1302100000000002,700,900
24.06.2024 00:02:06.913,1.13036,1.13015,1100,1300
24.06.2024 00:02:07.015,1.13036,1.1302,800,1200
24.06.2024 00:02:07.167,1.1303,1.1302100000000002,700,1300
24.06.2024 00:02:08.076,1.13036,1.13016,1700,1500
24.06.2024 00:02:13.856,1.13032,1.1302,1100,1000
24.06.2024 00:02:14.060,1.1302699999999999,1.13014,1500,900
24.06.2024 00:02:14.262,1.1301899999999998,1.1301100000000002,1000,920.0001
24.06.2024 00:02:14.365,1.13025,1.13004,1000,1400
24.06.2024 00:02:19.950,1.1302800000000002,1.1300999999999999,1500,1300
24.06.2024 00:02:20.102,1.1302800000000002,1.1301400000000001,1200,900
24.06.2024 00:02:20.608,1.1303,1.1300700000000001,1200,900
24.06.2024 00:02:22.272,1.13019,1.13006,1700,1500
24.06.2024 00:02:22.525,1.1301900000000002,1.1300400000000002,1500,1200
24.06.2024 00:02:31.380,1.1302699999999999,1.13013,1400,800
24.06.2024 00:02:31.482,1.1303100000000001,1.1300700000000001,1400,800
24.06.2024 00:02:32.239,1.13025,1.13009,1200,1400
24.06.2024 00:02:32.340,1.1302100000000002,1.13011,1400,800
24.06.2024 00:02:38.632,1.13015,1.13002,1700,1300
24.06.2024 00:02:38.784,1.1302100000000002,1.13002,1200,1200
24.06.2024 00:02:38.836,1.1302600000000003,1.13006,1100,900
24.06.2024 00:02:38.938,1.1302200000000002,1.1301100000000002,1400,1300
24.06.2024 00:02:39.039,1.13015,1.13008,1300,1200
24.06.2024 00:02:46.060,1.13027,1.13009,1600,1300
24.06.2024 00:02:46.364,1.1302299999999998,1.1300999999999999,1100,1100
24.06.2024 00:02:48.127,1.1302699999999999,1.13011,1200,1500
24.06.2024 00:02:48.532,1.13019,1.13006,1500,700
24.06.2024 00:02:49.789,1.1302200000000002,1.13007,1500,800
24.06.2024 00:02:50.896,1.13023,1.13008,1500,1600
24.06.2024 00:02:53.768,1.13025,1.1301400000000001,1200,1000
24.06.2024 00:02:54.123,1.13027,1.1300900000000003,800,1500
24.06.2024 00:02:55.385,1.13023,1.1301100000000002,1600,1100
24.06.2024 00:03:00.727,1.13026,1.13006,1000,1100
24.06.2024 00:03:00.778,1.1302299999999998,1.13009,900,800
24.06.2024 00:03:00.880,1.1302400000000001,1.1300900000000003,1600,700
24.06.2024 00:03:02.645,1.1301999999999999,1.13009,1300,1600
24.06.2024 00:03:02.747,1.1302400000000001,1.1301400000000001,800,1300
24.06.2024 00:03:02.899,1.1302000000000003,1.1301200000000002,1500,1200
24.06.2024 00:03:03.304,1.13022,1.1301,1200,1300
24.06.2024 00:03:05.420,1.13021,1.1300700000000001,800,1000
24.06.2024 00:03:09.547,1.13025,1.13004,800,1300
24.06.2024 00:03:10.654,1.13021,1.1301500000000002,800,1100
24.06.2024 00:03:10.757,1.1301999999999999,1.1301500000000002,1200,1600
24.06.2024 00:03:18.615,1.13027,1.1301400000000001,1400,800
24.06.2024 00:03:19.120,1.13031,1.13017,1400,700
24.06.2024 00:03:19.224,1.1303,1.1301400000000001,1500,1600
24.06.2024 00:03:19.326,1.13027,1.13013,1600,700
24.06.2024 00:03:23.702,1.13029,1.13016,1100,800
24.06.2024 00:03:30.797,1.13029,1.1302,800,900
24.06.2024 00:03:43.514,1.13027,1.13017,1400,1700
24.06.2024 00:03:43.616,1.13032,1.13019,1500,1400
24.06.2024 00:03:44.020,1.13028,1.13009,900,1400
24.06.2024 00:03:49.198,1.13026,1.13017,1500,1000
24.06.2024 00:03:55.646,1.13029,1.1301700000000001,1300,1500
24.06.2024 00:04:00.607,1.1303100000000001,1.13017,800,1000
24.06.2024 00:04:01.564,1.13031,1.1301100000000002,1100,1400
24.06.2024 00:04:02.222,1.13032,1.1301000000000003,1500,900
24.06.2024 00:04:03.832,1.13031,1.1301599999999998,1500,1000
24.06.2024 00:04:03.984,1.1303,1.13016,1400,1100
24.06.2024 00:04:04.438,1.1303400000000001,1.1302100000000002,1600,900
24.06.2024 00:04:07.157,1.1302900000000002,1.13023,1300,1400
24.06.2024 00:04:16.951,1.1303,1.1302,1000,1600
24.06.2024 00:04:17.002,1.1302999999999999,1.1301599999999998,900,1200
24.06.2024 00:04:20.521,1.13033,1.1300700000000001,1300,1300
24.06.2024 00:04:24.895,1.13031,1.13016,1100,700
24.06.2024 00:04:24.997,1.1303400000000001,1.13016,1300,1600
24.06.2024 00:04:25.401,1.13033,1.13012,1200,1000
24.06.2024 00:04:28.070,1.1302299999999998,1.1300900000000003,1600,1600
24.06.2024 00:04:28.174,1.13026,1.13015,800,1100
24.06.2024 00:04:28.277,1.1303700000000003,1.13012,1200,1000
24.06.2024 00:04:54.426,1.13037,1.1300900000000003,9720.0005,8719.9999
24.06.2024 00:04:58.095,1.13039,1.1301400000000001,9519.9999,10620.0001
24.06.2024 00:04:58.500,1.13043,1.1301200000000002,10020.0005,1420.0001
24.06.2024 00:04:58.904,1.1304400000000001,1.1301500000000002,8940.0002,10640.0003
24.06.2024 00:05:00.161,1.13042,1.1301800000000002,9140.0002,1220.0001
24.06.2024 00:05:01.622,1.13043,1.13014,9119.9999,1620
24.06.2024 00:05:01.724,1.1304,1.1301700000000001,9619.9999,9919.9997
24.06.2024 00:05:01.926,1.1304000000000003,1.1300999999999999,9119.9999,10519.9997
24.06.2024 00:05:04.393,1.13045,1.1302,9620.0005,1510
24.06.2024 00:05:04.848,1.13039,1.13015,1120.0001,1020
24.06.2024 00:05:04.950,1.13042,1.1300999999999999,1920,8919.9999
24.06.2024 00:05:05.052,1.1304100000000001,1.13009,9620.0005,900
24.06.2024 00:05:05.857,1.13036,1.1301400000000001,10420.0005,1100
24.06.2024 00:05:06.211,1.13042,1.13017,10120.0005,1020.0001
24.06.2024 00:05:06.514,1.13041,1.13018,9419.9999,820.0001
24.06.2024 00:05:09.128,1.1304400000000001,1.1301800000000002,10020.0005,1620.0001
24.06.2024 00:05:10.437,1.13039,1.1300999999999999,10020.0005,1220.0001
24.06.2024 00:05:11.191,1.13042,1.13009,10220.0005,1120.0001
24.06.2024 00:05:12.049,1.13037,1.1301700000000001,9740.0002,1200
24.06.2024 00:05:12.150,1.13033,1.13013,1020.0001,1400
24.06.2024 00:05:12.906,1.1304,1.13013,1120.0001,1620.0001
24.06.2024 00:05:14.113,1.1303999999999998,1.1300700000000001,1720.0001,700
24.06.2024 00:05:15.573,1.1304,1.13015,1720.0001,1500
24.06.2024 00:05:16.983,1.1303699999999999,1.1300800000000002,1420.0001,1500
24.06.2024 00:05:39.562,1.13042,1.13016,10419.9997,1500
24.06.2024 00:05:39.765,1.13041,1.13019,10119.9997,1600
24.06.2024 00:05:41.777,1.13043,1.1301400000000001,1020.0001,1520.0001
24.06.2024 00:05:42.584,1.13035,1.13015,2020,900
24.06.2024 00:05:42.686,1.1304100000000001,1.13018,9939.9998,800
24.06.2024 00:05:42.787,1.13042,1.13019,9720.0005,1420.0001
24.06.2024 00:05:43.746,1.13043,1.13017,920.0001,1220.0001
24.06.2024 00:05:44.905,1.13037,1.1302,1120.0001,920.0001
24.06.2024 00:05:44.956,1.13039,1.13017,920.0001,1500
24.06.2024 00:05:45.159,1.1304200000000002,1.13012,1100,1920
24.06.2024 00:05:45.261,1.1304200000000002,1.13016,1520.0001,920.0001
24.06.2024 00:05:54.464,1.13045,1.13019,1120.0001,1500
24.06.2024 00:05:54.970,1.1304200000000002,1.1302500000000002,1120.0001,1020.0001
24.06.2024 00:05:57.941,1.1303800000000002,1.13015,1400,9319.9999
24.06.2024 00:05:58.345,1.13042,1.13015,820.0001,1600
24.06.2024 00:06:00.182,1.13039,1.1302400000000001,1720.0001,900
24.06.2024 00:06:03.455,1.1303800000000002,1.13018,1520.0001,1020.0001
24.06.2024 00:06:06.021,1.13042,1.13016,1720.0001,1420.0001
24.06.2024 00:06:15.425,1.1303500000000002,1.1301299999999999,1500,1500
24.06.2024 00:06:16.887,1.13042,1.13011,1520.0001,1400
24.06.2024 00:06:22.970,1.13037,1.13013,1620.0001,1220.0001
24.06.2024 00:06:27.442,1.13042,1.13019,1820.0001,1320.0001
24.06.2024 00:06:27.997,1.1303999999999998,1.13016,900,1520.0001
24.06.2024 00:06:28.300,1.13043,1.13018,1320.0001,1700
24.06.2024 00:06:29.458,1.13038,1.1301800000000002,1120.0001,1400
24.06.2024 00:06:29.761,1.1303999999999998,1.1301400000000001,920.0001,900
24.06.2024 00:06:33.579,1.13032,1.1301599999999998,1500,1220.0001
24.06.2024 00:06:53.087,1.13041,1.13015,1220.0001,1200
24.06.2024 00:06:55.150,1.13036,1.1302200000000002,1520.0001,1200
24.06.2024 00:06:57.566,1.13036,1.13015,1220.0001,800
24.06.2024 00:06:57.667,1.13042,1.13015,1620.0001,1500
24.06.2024 00:06:59.326,1.1304400000000001,1.1302100000000002,900,1220.0001
24.06.2024 00:07:01.289,1.1304400000000001,1.13022,1320.0001,1000
24.06.2024 00:07:11.794,1.13035,1.1301700000000001,1520.0001,1400
24.06.2024 00:07:11.896,1.13036,1.13023,700,1820.0001
24.06.2024 00:07:12.048,1.13041,1.13014,1700,1120.0001
24.06.2024 00:07:12.250,1.13042,1.13015,1420.0001,1500
24.06.2024 00:07:12.805,1.13036,1.13016,1700,1600
24.06.2024 00:07:14.063,1.13042,1.13015,1820.0001,1100
24.06.2024 00:07:16.224,1.13041,1.13015,1120.0001,1200
24.06.2024 00:07:16.275,1.1304,1.13016,1320.0001,900
24.06.2024 00:07:18.841,1.13037,1.13015,700,1100
24.06.2024 00:07:19.550,1.13042,1.1302500000000002,1320.0001,1600
24.06.2024 00:07:30.626,1.13042,1.13021,1320.0001,1200
24.06.2024 00:07:30.727,1.13039,1.13016,1700,900
24.06.2024 00:07:33.238,1.13036,1.1301700000000001,800,1400
24.06.2024 00:07:33.340,1.1303400000000001,1.1300999999999999,1220.0001,1300
24.06.2024 00:07:38.818,1.1303,1.13014,1420.0001,1300
24.06.2024 00:07:39.422,1.13036,1.13019,1320.0001,1300
24.06.2024 00:07:39.574,1.1303800000000002,1.13014,920.0001,1100
24.06.2024 00:07:50.847,1.13038,1.1302,1520.0001,800
24.06.2024 00:07:59.948,1.13036,1.1302,1620.0001,800
24.06.2024 00:08:06.178,1.13039,1.13023,920.0001,700
24.06.2024 00:08:06.784,1.1304,1.13023,1100,920.0001
24.06.2024 00:08:06.886,1.1303699999999999,1.1302400000000001,1500,1720.0001
24.06.2024 00:08:26.540,1.13036,1.1302200000000002,1600,1600
24.06.2024 00:08:28.549,1.1303400000000001,1.13023,900,1300
24.06.2024 00:08:28.904,1.13035,1.13015,800,1400
24.06.2024 00:08:34.633,1.13038,1.1302400000000001,1000,700
24.06.2024 00:08:39.152,1.13029,1.1301700000000001,900,800
24.06.2024 00:08:44.233,1.13033,1.1302700000000003,1000,1100
24.06.2024 00:08:51.869,1.13037,1.1301800000000002,700,700
24.06.2024 00:08:58.507,1.1304200000000002,1.1301700000000001,1000,1500
24.06.2024 00:09:03.433,1.13039,1.13027,1400,1400
24.06.2024 00:09:05.647,1.13043,1.13022,1500,1200
24.06.2024 00:09:08.852,1.1303699999999999,1.1302200000000002,1600,1400
24.06.2024 00:09:10.913,1.13037,1.1301900000000002,1200,1600
24.06.2024 00:09:11.217,1.13041,1.1302300000000003,1300,900
24.06.2024 00:09:17.154,1.1304,1.13028,1600,1300
24.06.2024 00:09:26.245,1.1303500000000002,1.13022,1200,1100
24.06.2024 00:09:26.650,1.13039,1.1302000000000003,1100,1300
24.06.2024 00:09:37.757,1.1303800000000002,1.13027,900,1400
24.06.2024 00:09:44.440,1.1303299999999998,1.1302299999999998,1000,1000
24.06.2024 00:09:46.499,1.1303400000000001,1.13022,1500,1500
24.06.2024 00:09:58.212,1.13036,1.1302299999999998,1200,1100
24.06.2024 00:09:58.618,1.1303299999999998,1.1302100000000002,1300,1300
24.06.2024 00:10:00.227,1.1304,1.1302,1300,1400
24.06.2024 00:10:01.387,1.13036,1.13023,1300,1600
24.06.2024 00:10:07.891,1.13037,1.13023,800,1000
24.06.2024 00:10:14.631,1.1303100000000001,1.13019,1300,1300
24.06.2024 00:10:17.096,1.13034,1.1302200000000002,800,1300
24.06.2024 00:10:20.812,1.1303800000000002,1.1302,1300,1100
24.06.2024 00:10:20.914,1.13026,1.13013,700,1100
24.06.2024 00:10:22.475,1.13028,1.1301,1100,1000
24.06.2024 00:10:25.393,1.13029,1.1301,1300,1700
24.06.2024 00:10:37.166,1.1302299999999998,1.13006,1700,900
24.06.2024 00:10:37.622,1.13026,1.1301400000000001,1300,1100
24.06.2024 00:10:38.077,1.1302500000000002,1.13011,1500,1200
24.06.2024 00:10:42.732,1.13026,1.13009,800,1000
24.06.2024 00:10:52.216,1.13022,1.13012,1400,1200
24.06.2024 00:10:52.922,1.13025,1.1301,1300,1000
24.06.2024 00:11:47.898,1.1302400000000001,1.1301700000000003,800,800
24.06.2024 00:11:54.174,1.1302299999999998,1.13016,1100,1400
24.06.2024 00:11:54.276,1.13025,1.1300700000000001,900,700
24.06.2024 00:11:55.637,1.13023,1.13013,1000,1300
24.06.2024 00:12:01.772,1.13026,1.1301100000000002,700,1500
24.06.2024 00:12:05.243,1.13021,1.13005,1200,900
24.06.2024 00:12:15.053,1.1302100000000002,1.1301100000000002,900,1000
24.06.2024 00:12:27.364,1.13024,1.13009,1400,1100
24.06.2024 00:12:30.381,1.1301700000000001,1.13007,1100,1300
24.06.2024 00:12:30.636,1.1302500000000002,1.1301,900,800
24.06.2024 00:12:39.078,1.1301800000000002,1.1301,1200,1200
24.06.2024 00:12:40.239,1.1301700000000001,1.1300299999999999,700,1200
24.06.2024 00:13:00.997,1.1302500000000002,1.13004,1100,1400
24.06.2024 00:13:01.099,1.13014,1.1300700000000001,1200,1700
24.06.2024 00:13:02.108,1.1301700000000001,1.13005,1000,900
24.06.2024 00:13:07.917,1.1302800000000002,1.13012,1000,1200
24.06.2024 00:13:09.732,1.13016,1.13012,800,900
24.06.2024 00:13:17.176,1.1302300000000003,1.1301,900,1200
24.06.2024 00:13:17.228,1.1302500000000002,1.1300800000000002,800,1500
24.06.2024 00:13:30.404,1.1302200000000002,1.13006,1500,700
24.06.2024 00:13:40.155,1.13027,1.1300700000000001,1300,1600
24.06.2024 00:13:50.557,1.13023,1.1300700000000001,700,1000
24.06.2024 00:13:52.165,1.13022,1.13005,1000,1700
24.06.2024 00:14:05.932,1.13026,1.13011,1600,1000
24.06.2024 00:14:06.034,1.13024,1.13019,800,900
24.06.2024 00:14:06.287,1.13032,1.1301400000000001,1500,1500
24.06.2024 00:14:10.666,1.1303100000000001,1.13019,1200,1100
24.06.2024 00:14:11.724,1.1303200000000002,1.13022,900,1000
24.06.2024 00:14:11.879,1.13025,1.13017,1300,1000
24.06.2024 00:14:11.932,1.1303,1.1301,1200,700
24.06.2024 00:14:13.042,1.13028,1.13009,1300,1300
24.06.2024 00:14:14.254,1.13029,1.13011,1000,1500
24.06.2024 00:14:19.538,1.1301999999999999,1.1301100000000002,1600,1500
24.06.2024 00:14:25.866,1.13025,1.13004,1700,1420.0001
24.06.2024 00:14:26.018,1.1302299999999998,1.1300800000000002,1300,1420.0001
24.06.2024 00:14:26.119,1.13026,1.13003,1100,1620.0001
24.06.2024 00:14:27.178,1.1302999999999999,1.13007,1200,1720.0001
24.06.2024 00:14:27.330,1.13032,1.13006,8800,1120.0001
24.06.2024 00:14:27.533,1.1303200000000002,1.1300700000000001,1300,920.0001
24.06.2024 00:14:27.685,1.13036,1.1301400000000001,1300,1120.0001
24.06.2024 00:14:29.046,1.1303100000000001,1.1301400000000001,1600,1020.0001
24.06.2024 00:14:44.180,1.1303,1.13006,1700,820.0001
24.06.2024 00:14:44.483,1.1303100000000001,1.13013,1300,1020.0001
24.06.2024 00:14:44.786,1.13032,1.13009,1300,1320.0001
24.06.2024 00:14:45.694,1.13033,1.13016,800,1620.0001
24.06.2024 00:14:45.796,1.13033,1.1301000000000003,1600,1020.0001
24.06.2024 00:14:45.999,1.13037,1.13009,700,1420.0001
24.06.2024 00:14:46.100,1.1303500000000002,1.13009,1100,920.0001
24.06.2024 00:14:51.533,1.1303800000000002,1.1300800000000002,1700,1600
24.06.2024 00:14:51.585,1.1303,1.13006,1100,1020.0001
24.06.2024 00:14:52.040,1.13026,1.13013,1300,1420.0001
24.06.2024 00:14:53.498,1.13027,1.13009,1200,1300
24.06.2024 00:14:54.104,1.13024,1.13012,1100,1020.0001
24.06.2024 00:14:58.174,1.13027,1.13006,800,1200
24.06.2024 00:15:00.242,1.1302800000000002,1.1300800000000002,800,1100
24.06.2024 00:15:00.343,1.1303100000000001,1.13009,1000,900
24.06.2024 00:15:00.697,1.13028,1.13004,1700,1020.0001
24.06.2024 00:15:01.503,1.13028,1.13013,900,1200
24.06.2024 00:15:01.706,1.1303,1.1300800000000002,900,1000
24.06.2024 00:15:07.387,1.1303,1.13008,1600,1500
24.06.2024 00:15:07.941,1.1303300000000003,1.1302,700,1600
24.06.2024 00:15:08.093,1.1303400000000001,1.13016,1300,900
24.06.2024 00:15:25.371,1.13036,1.13023,9499.9996,1100
24.06.2024 00:15:25.473,1.1304,1.13025,8900,1400
24.06.2024 00:15:25.524,1.13043,1.13021,1000,1400
24.06.2024 00:15:30.105,1.13036,1.1302500000000002,1500,900
24.06.2024 00:15:31.015,1.13038,1.1301800000000002,1000,800
24.06.2024 00:15:31.920,1.1304200000000002,1.13027,1300,1200
24.06.2024 00:15:32.022,1.1304500000000002,1.13029,900,1420.0001
24.06.2024 00:15:32.928,1.13035,1.13018,1700,1300
24.06.2024 00:15:34.288,1.13035,1.13028,1400,1300
24.06.2024 00:15:34.390,1.13043,1.1302400000000001,1000,1100
24.06.2024 00:15:34.492,1.1304100000000001,1.13026,1200,1600
24.06.2024 00:15:35.402,1.13036,1.13024,1600,900
24.06.2024 00:15:37.016,1.1304100000000001,1.13027,1100,1600
24.06.2024 00:15:38.726,1.1303900000000002,1.13025,1000,1020.0001
24.06.2024 00:15:40.340,1.1304300000000003,1.13028,1100,1100
24.06.2024 00:15:40.441,1.1304400000000001,1.13031,1600,1200
24.06.2024 00:15:40.543,1.1304,1.1302400000000001,700,800
24.06.2024 00:15:42.756,1.13038,1.1303,1700,1320.0001
24.06.2024 00:15:43.564,1.1304200000000002,1.13029,1400,1500
24.06.2024 00:15:44.573,1.13042,1.13024,900,900
24.06.2024 00:15:44.776,1.13042,1.1302400000000001,700,1600
24.06.2024 00:15:49.401,1.1303699999999999,1.1301900000000002,1700,1600
24.06.2024 00:15:55.124,1.1303999999999998,1.13022,1200,1100
24.06.2024 00:15:57.136,1.1303400000000001,1.1302100000000002,1600,1500
24.06.2024 00:15:57.490,1.13041,1.13028,900,1400
24.06.2024 00:15:59.213,1.1304,1.1302100000000002,1100,1000
24.06.2024 00:15:59.418,1.1303100000000001,1.1301800000000002,1500,900
24.06.2024 00:16:00.225,1.13029,1.13023,1100,1400
24.06.2024 00:16:03.192,1.1303300000000003,1.13023,900,1500
24.06.2024 00:16:03.897,1.13033,1.1302200000000002,1100,1100
24.06.2024 00:16:03.999,1.13038,1.13028,1600,1000
24.06.2024 00:16:04.050,1.13041,1.1302599999999998,1400,1400
24.06.2024 00:16:04.253,1.13043,1.13027,900,1100
24.06.2024 00:16:04.354,1.13041,1.13025,900,900
24.06.2024 00:16:15.172,1.1303400000000001,1.13028,1300,900
24.06.2024 00:16:15.728,1.1304,1.13029,800,1400
24.06.2024 00:16:15.830,1.1303999999999998,1.13023,800,1400
24.06.2024 00:16:15.931,1.13036,1.13026,1300,1600
24.06.2024 00:16:29.251,1.13038,1.13025,1300,1500
24.06.2024 00:16:30.609,1.13037,1.1302999999999999,1200,1300
24.06.2024 00:16:30.660,1.13039,1.1303100000000001,1400,1000
24.06.2024 00:16:34.687,1.1303900000000002,1.13023,1500,1100
24.06.2024 00:16:41.944,1.13043,1.1301999999999999,800,800
24.06.2024 00:16:42.046,1.13032,1.13025,1700,800
24.06.2024 00:16:46.487,1.13035,1.1301900000000002,1000,1200
24.06.2024 00:17:00.162,1.13041,1.13025,1600,1200
24.06.2024 00:17:00.264,1.13034,1.13023,1100,900
24.06.2024 00:17:04.285,1.1303900000000002,1.1303,1700,1700
24.06.2024 00:17:07.251,1.13043,1.13023,1200,800
24.06.2024 00:17:07.504,1.1304100000000001,1.1302400000000001,1200,1100
24.06.2024 00:17:07.555,1.13042,1.13027,900,1500
24.06.2024 00:17:26.902,1.13042,1.1303,800,800
24.06.2024 00:17:39.476,1.13037,1.13027,1700,1600
24.06.2024 00:17:52.105,1.1304100000000001,1.13029,1100,1600
24.06.2024 00:17:55.924,1.13036,1.13023,1400,1600
24.06.2024 00:17:56.026,1.13039,1.1303,900,800
24.06.2024 00:17:56.632,1.1303500000000002,1.1302599999999998,1100,900
24.06.2024 00:17:56.834,1.13031,1.13018,1400,1600
24.06.2024 00:17:57.339,1.1303800000000002,1.1302200000000002,1200,1200
24.06.2024 00:17:58.146,1.13038,1.1302200000000002,900,1100
24.06.2024 00:18:18.439,1.13036,1.1302299999999998,1500,700
24.06.2024 00:18:18.590,1.13036,1.1302599999999998,1300,1600
24.06.2024 00:18:26.332,1.13034,1.1302400000000001,1500,1100
24.06.2024 00:18:28.694,1.13038,1.13024,1400,1500
24.06.2024 00:18:28.847,1.13042,1.13022,1400,800
24.06.2024 00:18:33.373,1.13038,1.13025,800,1200
24.06.2024 00:18:40.353,1.1304100000000001,1.1302800000000002,1600,1400
24.06.2024 00:19:01.363,1.13039,1.1301700000000001,1600,1200
24.06.2024 00:19:13.615,1.1304100000000001,1.13025,1200,1500
24.06.2024 00:19:13.717,1.13039,1.1302699999999999,1500,1700
24.06.2024 00:19:13.819,1.1304100000000001,1.13023,1300,1300
24.06.2024 00:19:16.342,1.1303699999999999,1.1302400000000001,1200,1200
24.06.2024 00:19:19.362,1.1304200000000002,1.13021,1400,800
24.06.2024 00:19:25.041,1.13033,1.1302000000000003,700,1200
24.06.2024 00:19:25.143,1.13032,1.1301900000000002,800,1100
24.06.2024 00:19:31.674,1.13034,1.13023,1000,1000
24.06.2024 00:19:31.775,1.13039,1.13029,800,1500
24.06.2024 00:19:34.292,1.13038,1.1301900000000002,1400,800
24.06.2024 00:19:37.915,1.1303200000000002,1.1301900000000002,1100,1600
24.06.2024 00:20:05.736,1.1303600000000003,1.1301400000000001,1500,1200
24.06.2024 00:20:17.298,1.1303400000000001,1.1302,1000,1100
24.06.2024 00:20:19.010,1.1303400000000001,1.13014,1000,800
24.06.2024 00:20:19.262,1.1303800000000002,1.13023,900,1400
24.06.2024 00:20:19.364,1.1303500000000002,1.13016,1000,1400
24.06.2024 00:20:21.429,1.1303200000000002,1.1302400000000001,800,1100
24.06.2024 00:20:29.326,1.13032,1.13016,1100,1600
24.06.2024 00:20:29.428,1.1303,1.13019,900,1400
24.06.2024 00:20:48.307,1.1303,1.13016,800,1500
24.06.2024 00:20:48.358,1.13035,1.13023,800,1400
24.06.2024 00:20:52.883,1.1303600000000003,1.1302,800,1400
24.06.2024 00:20:54.041,1.1303100000000001,1.1301400000000001,1600,1300
24.06.2024 00:20:59.375,1.13029,1.13016,1500,1500
24.06.2024 00:21:08.974,1.13029,1.1301999999999999,1400,1000
24.06.2024 00:21:09.076,1.13029,1.1302,1000,900
24.06.2024 00:21:44.696,1.1303400000000001,1.1301800000000002,1700,1300
24.06.2024 00:21:44.748,1.1302800000000002,1.13015,1400,1600
24.06.2024 00:21:44.900,1.1302900000000002,1.13016,1600,900
24.06.2024 00:21:56.720,1.13026,1.1302100000000002,1700,1600
24.06.2024 00:22:04.222,1.1303500000000002,1.13013,700,1100
24.06.2024 00:22:05.531,1.1302900000000002,1.13016,800,1600
24.06.2024 00:22:18.898,1.13027,1.13015,1300,800
24.06.2024 00:22:19.100,1.13027,1.13016,1000,1100
24.06.2024 00:22:26.151,1.1303400000000001,1.13011,1300,1000
24.06.2024 00:22:27.512,1.1302800000000002,1.1301500000000002,1600,1600
24.06.2024 00:22:29.877,1.13033,1.13021,1100,1100
24.06.2024 00:22:40.731,1.1303100000000001,1.13018,900,900
24.06.2024 00:22:40.833,1.13028,1.1301400000000001,1100,1300
24.06.2024 00:22:40.985,1.13026,1.1301700000000001,1400,1000
24.06.2024 00:22:41.238,1.13033,1.1301599999999998,900,900
24.06.2024 00:22:41.491,1.1302699999999999,1.13012,1000,1300
24.06.2024 00:22:42.047,1.1303,1.13013,1500,800
24.06.2024 00:22:50.990,1.1302900000000002,1.1302100000000002,900,900
24.06.2024 00:23:01.448,1.13031,1.13019,1500,1300
24.06.2024 00:23:06.446,1.1303699999999999,1.13016,1420.0001,1200
24.06.2024 00:23:06.548,1.13029,1.1302,1400,1600
24.06.2024 00:23:07.959,1.1303400000000001,1.13019,1100,1600
24.06.2024 00:23:10.778,1.13029,1.1302100000000002,1000,1500
24.06.2024 00:23:10.880,1.1303200000000002,1.1302400000000001,1500,900
24.06.2024 00:23:24.772,1.13033,1.1302500000000002,1500,1200
24.06.2024 00:23:36.657,1.13036,1.13029,900,1100
24.06.2024 00:23:42.638,1.13036,1.13029,1500,900
24.06.2024 00:23:52.091,1.13043,1.1303,1500,1400
24.06.2024 00:24:18.852,1.13038,1.1302699999999999,1700,1500
24.06.2024 00:24:29.910,1.13039,1.1302400000000001,1400,1700
24.06.2024 00:24:41.816,1.1303999999999998,1.13022,1600,1500
24.06.2024 00:24:47.750,1.1304100000000001,1.13025,1000,1000
24.06.2024 00:24:47.870,1.1304500000000002,1.13028,1000,800
24.06.2024 00:24:54.348,1.1304,1.13032,1400,1000
24.06.2024 00:24:54.399,1.1304400000000001,1.13027,1100,1600
24.06.2024 00:24:54.602,1.13047,1.1302800000000002,1600,1500
24.06.2024 00:24:54.754,1.13042,1.13028,1100,1000
24.06.2024 00:24:56.162,1.1304100000000001,1.13032,1400,1300
24.06.2024 00:25:24.448,1.13039,1.1303600000000003,700,1000
24.06.2024 00:25:46.200,1.1305,1.13032,1100,1200
24.06.2024 00:25:46.256,1.13045,1.13033,1500,1400
24.06.2024 00:25:46.307,1.13049,1.1303100000000001,1100,1500
24.06.2024 00:25:47.468,1.13049,1.13037,1500,1600
24.06.2024 00:25:48.625,1.13049,1.1302900000000002,1300,1500
24.06.2024 00:25:57.626,1.13041,1.13033,1400,1300
24.06.2024 00:26:01.202,1.13039,1.13028,1600,1300
24.06.2024 00:26:01.253,1.13048,1.1302800000000002,1200,1300
24.06.2024 00:26:02.412,1.13037,1.13029,900,1300
24.06.2024 00:26:04.224,1.13046,1.1302800000000002,1000,1100
24.06.2024 00:26:08.450,1.13037,1.13031,800,1200
24.06.2024 00:26:21.966,1.13043,1.1303,1100,1100
24.06.2024 00:27:01.607,1.1304400000000001,1.13027,1400,700
24.06.2024 00:27:01.658,1.13045,1.1303600000000003,1420.0001,1500
24.06.2024 00:27:07.000,1.13048,1.1303400000000001,1400,1600
24.06.2024 00:27:10.272,1.13047,1.13031,1600,1000
24.06.2024 00:27:10.978,1.13042,1.13032,1400,1400
24.06.2024 00:27:11.433,1.13044,1.1303700000000003,1600,1200
24.06.2024 00:27:17.719,1.13046,1.13034,1400,1100
24.06.2024 00:27:17.821,1.13053,1.13038,900,1400
24.06.2024 00:27:18.426,1.13052,1.13035,1400,1000
24.06.2024 00:27:20.090,1.13041,1.13032,1500,1600
24.06.2024 00:27:34.881,1.13049,1.1303100000000001,1300,1300
24.06.2024 00:27:35.436,1.13051,1.1303400000000001,1700,1000
24.06.2024 00:27:36.948,1.1305100000000001,1.1303800000000002,1600,1500
24.06.2024 00:27:50.727,1.13043,1.1303200000000002,1100,1600
24.06.2024 00:27:52.939,1.13043,1.13036,1500,1200
24.06.2024 00:28:04.637,1.1304699999999999,1.1303300000000003,1200,1100
24.06.2024 00:28:04.941,1.1304500000000002,1.1303,1500,1300
24.06.2024 00:28:16.405,1.13048,1.1303200000000002,900,1300
24.06.2024 00:28:22.836,1.13049,1.1303900000000002,900,1000
24.06.2024 00:28:28.920,1.1305,1.13037,1700,1000
24.06.2024 00:28:29.173,1.1305200000000002,1.1304,800,1400
24.06.2024 00:28:39.275,1.13051,1.13036,1600,1100
24.06.2024 00:28:41.243,1.13053,1.13035,900,1200
24.06.2024 00:28:41.345,1.13044,1.13035,700,1200
24.06.2024 00:28:45.368,1.1304400000000001,1.1302800000000002,1400,1100
24.06.2024 00:28:56.728,1.13043,1.13036,1700,1700
24.06.2024 00:29:25.290,1.13049,1.1303,700,1200
24.06.2024 00:29:28.707,1.13042,1.13037,1100,1000
24.06.2024 00:29:36.503,1.13048,1.1303100000000001,1400,1300
24.06.2024 00:29:48.499,1.1305100000000001,1.1303699999999999,800,1500
24.06.2024 00:29:49.358,1.13041,1.1303,1500,1600
24.06.2024 00:29:49.409,1.1304999999999998,1.13031,1100,1600
24.06.2024 00:29:49.511,1.13052,1.1303800000000002,800,1500
24.06.2024 00:29:56.298,1.13045,1.13035,1300,1500
24.06.2024 00:29:56.400,1.13046,1.13036,700,900
24.06.2024 00:29:58.109,1.1304900000000002,1.13036,1400,1000
24.06.2024 00:29:59.566,1.13053,1.1303500000000002,800,1500
24.06.2024 00:30:00.222,1.13049,1.1303500000000002,1200,1700
24.06.2024 00:30:00.684,1.13048,1.1304,1000,700
24.06.2024 00:30:05.669,1.1305000000000003,1.1303500000000002,1600,900
24.06.2024 00:30:05.821,1.1305100000000001,1.13033,1200,1300
24.06.2024 00:30:07.535,1.1305,1.13038,1300,800
24.06.2024 00:30:09.247,1.13049,1.13037,1200,900
24.06.2024 00:30:18.099,1.1305500000000002,1.1304400000000001,1500,1100
24.06.2024 00:30:21.721,1.13056,1.13036,1500,1000
24.06.2024 00:30:23.083,1.1305100000000001,1.13041,1400,1100
24.06.2024 00:30:28.260,1.13055,1.13037,1100,1300
24.06.2024 00:30:28.362,1.1305699999999999,1.1304400000000001,1200,1500
24.06.2024 00:30:34.599,1.1305100000000001,1.13041,900,1500
24.06.2024 00:30:38.522,1.1305000000000003,1.13034,800,1300
24.06.2024 00:30:38.825,1.13046,1.13033,1600,1700
24.06.2024 00:30:40.989,1.13044,1.13036,900,1300
24.06.2024 00:30:43.756,1.13052,1.13036,1600,1600
24.06.2024 00:30:52.352,1.13047,1.1303800000000002,1700,700
24.06.2024 00:31:04.168,1.1304699999999999,1.13038,1500,1200
24.06.2024 00:31:04.471,1.13048,1.13035,1200,900
24.06.2024 00:31:05.279,1.1305,1.1304100000000001,1500,900
24.06.2024 00:31:05.330,1.13054,1.13035,1400,1200
24.06.2024 00:31:22.295,1.13049,1.13041,1000,1700
24.06.2024 00:31:22.850,1.13057,1.1304200000000002,1300,1600
24.06.2024 00:31:28.129,1.13058,1.1304100000000001,1700,900
24.06.2024 00:31:28.231,1.13061,1.13043,800,1100
24.06.2024 00:31:29.642,1.13053,1.1304400000000001,1600,1300
24.06.2024 00:31:29.743,1.13052,1.1304400000000001,1400,1300
24.06.2024 00:31:31.961,1.13056,1.1304,800,1400
24.06.2024 00:31:53.309,1.13056,1.1304100000000001,1600,1700
24.06.2024 00:31:53.512,1.1306200000000002,1.13041,900,1600
24.06.2024 00:32:04.079,1.13061,1.13042,1300,1500
24.06.2024 00:32:10.669,1.13057,1.1304,1100,1000
24.06.2024 00:32:18.972,1.13052,1.13042,800,1600
24.06.2024 00:32:20.433,1.13052,1.13036,1200,800
24.06.2024 00:32:21.695,1.13049,1.13035,1300,1400
24.06.2024 00:32:21.797,1.13042,1.1303,1200,1000
24.06.2024 00:32:21.848,1.1304400000000001,1.13028,1500,1220.0001
24.06.2024 00:32:21.950,1.1304200000000002,1.13029,900,1300
24.06.2024 00:32:22.001,1.13035,1.1303,800,1400
24.06.2024 00:32:26.932,1.1304600000000002,1.13027,1300,900
24.06.2024 00:32:27.034,1.13037,1.13031,700,800
24.06.2024 00:32:29.450,1.1304100000000001,1.1302400000000001,1600,1500
24.06.2024 00:32:29.753,1.13041,1.1303,800,1300
24.06.2024 00:32:33.931,1.1303900000000002,1.13026,800,1000
24.06.2024 00:32:34.033,1.1304600000000002,1.13024,800,1600
24.06.2024 00:33:03.356,1.1304100000000001,1.1302299999999998,1400,700
24.06.2024 00:33:03.457,1.13037,1.1302400000000001,1200,800
24.06.2024 00:33:05.167,1.1304,1.13031,700,1200
24.06.2024 00:33:08.186,1.1303800000000002,1.13032,800,1100
24.06.2024 00:33:12.763,1.1304100000000001,1.1303100000000001,1300,1000
24.06.2024 00:33:24.328,1.1303800000000002,1.1303400000000001,1100,1600
24.06.2024 00:33:36.593,1.13047,1.13029,1300,800
24.06.2024 00:33:47.542,1.1304600000000002,1.13033,1400,1500
24.06.2024 00:34:00.164,1.1304200000000002,1.13025,1300,800
24.06.2024 00:34:24.882,1.13047,1.13033,700,900
24.06.2024 00:34:24.985,1.13042,1.1303100000000001,1300,1400
24.06.2024 00:34:25.086,1.13049,1.13036,900,1200
24.06.2024 00:34:26.344,1.1305,1.13039,1300,1300
24.06.2024 00:34:31.876,1.13049,1.13032,700,1500
24.06.2024 00:34:33.184,1.13047,1.1303800000000002,1000,1200
24.06.2024 00:34:35.603,1.1304500000000002,1.13038,1600,1000
24.06.2024 00:34:48.664,1.13047,1.13037,1700,900
24.06.2024 00:34:51.331,1.13051,1.13033,1100,900
24.06.2024 00:34:59.673,1.1305100000000001,1.1302800000000002,1200,1400
24.06.2024 00:35:04.264,1.13042,1.1303100000000001,900,700
24.06.2024 00:35:07.234,1.13043,1.13033,1500,1200
24.06.2024 00:35:09.198,1.13045,1.1303100000000001,700,1600
24.06.2024 00:35:09.300,1.1304,1.1303,1500,800
24.06.2024 00:35:17.195,1.1304200000000002,1.13026,1600,900
24.06.2024 00:35:17.297,1.13041,1.13021,800,1000
24.06.2024 00:35:19.820,1.1303900000000002,1.13028,1400,1000
24.06.2024 00:35:19.922,1.13045,1.1302800000000002,1000,1500
24.06.2024 00:35:24.407,1.1304300000000003,1.1303,700,900
24.06.2024 00:35:56.729,1.1304200000000002,1.13032,1500,900
24.06.2024 00:35:56.780,1.13034,1.1303100000000001,1300,900
24.06.2024 00:35:56.882,1.13043,1.13033,700,1200
24.06.2024 00:35:59.352,1.13041,1.13022,900,1600
24.06.2024 00:36:02.222,1.1303800000000002,1.13027,1300,1600
24.06.2024 00:36:02.476,1.13042,1.13026,1100,1300
24.06.2024 00:36:10.930,1.13041,1.1303400000000001,900,1300
24.06.2024 00:36:19.881,1.13049,1.13033,1100,1100
24.06.2024 00:36:20.085,1.13048,1.13033,1000,1300
24.06.2024 00:36:20.590,1.1304400000000001,1.13037,900,1000
24.06.2024 00:36:21.848,1.13048,1.13035,1400,1300
24.06.2024 00:36:21.900,1.1305500000000002,1.13039,900,900
24.06.2024 00:36:25.625,1.13045,1.13032,1300,1600
24.06.2024 00:36:25.727,1.1305100000000001,1.13032,700,1300
24.06.2024 00:36:27.892,1.1305100000000001,1.13028,1300,1300
24.06.2024 00:36:37.597,1.1305100000000001,1.13027,1700,1000
24.06.2024 00:36:38.303,1.13046,1.1303,1100,1000
24.06.2024 00:36:42.534,1.13045,1.13036,1300,700
24.06.2024 00:36:47.017,1.1305100000000001,1.1303,900,1100
24.06.2024 00:36:48.630,1.13046,1.13036,1100,1600
24.06.2024 00:36:49.639,1.13038,1.1303100000000001,900,900
24.06.2024 00:37:00.998,1.1304400000000001,1.1301999999999999,900,1600
24.06.2024 00:37:04.974,1.13034,1.1302500000000002,1200,1300
24.06.2024 00:37:05.428,1.13041,1.13023,1300,1500
24.06.2024 00:37:08.952,1.13034,1.1302500000000002,1500,1500
24.06.2024 00:37:09.054,1.1303900000000002,1.1303100000000001,1000,1300
24.06.2024 00:37:18.464,1.13036,1.13027,1200,1700
24.06.2024 00:37:22.334,1.13036,1.1303,800,1500
24.06.2024 00:37:25.559,1.1303900000000002,1.13024,1300,1600
24.06.2024 00:37:28.479,1.13037,1.1303,800,1300
24.06.2024 00:37:36.675,1.13039,1.1301999999999999,700,800
24.06.2024 00:37:36.777,1.13037,1.13021,1300,800
24.06.2024 00:37:37.332,1.13036,1.1303,800,1600
24.06.2024 00:37:37.383,1.13041,1.13026,1000,1500
24.06.2024 00:37:38.191,1.13037,1.1302400000000001,1400,1500
24.06.2024 00:37:43.480,1.13038,1.13021,1100,1600
24.06.2024 00:37:46.748,1.1304100000000001,1.1302500000000002,1000,900
24.06.2024 00:38:06.103,1.13038,1.1302299999999998,1100,900
24.06.2024 00:38:06.154,1.13042,1.1302800000000002,1600,1400
24.06.2024 00:38:06.205,1.1304200000000002,1.13026,1100,1300
24.06.2024 00:38:06.306,1.1304,1.13029,1200,1500
24.06.2024 00:38:06.560,1.1304500000000002,1.13028,1500,1000
24.06.2024 00:38:29.209,1.13046,1.1303200000000002,1600,800
24.06.2024 00:38:29.411,1.1304200000000002,1.13027,1700,1000
24.06.2024 00:38:36.702,1.1304100000000001,1.1303200000000002,1000,1100
24.06.2024 00:38:36.753,1.1304400000000001,1.13026,800,800
24.06.2024 00:38:47.147,1.1304600000000002,1.1303,1500,900
24.06.2024 00:38:58.958,1.1304800000000002,1.1303,1100,1200
24.06.2024 00:39:02.180,1.13039,1.1303100000000001,1700,700
24.06.2024 00:39:02.231,1.13043,1.13028,1200,1700
24.06.2024 00:39:02.333,1.1304699999999999,1.13028,900,800
24.06.2024 00:39:06.376,1.13045,1.13031,1200,1700
24.06.2024 00:39:06.428,1.13053,1.1304100000000001,1200,1000
24.06.2024 00:39:08.949,1.13057,1.1303999999999998,1000,1000
24.06.2024 00:39:54.357,1.13047,1.13039,900,1500
24.06.2024 00:39:58.029,1.1305,1.13033,800,1200
24.06.2024 00:39:58.080,1.1305100000000001,1.13037,1300,1000
24.06.2024 00:40:34.650,1.13045,1.13032,1700,900
24.06.2024 00:40:34.751,1.1305200000000002,1.13039,1200,1200
24.06.2024 00:40:36.867,1.1305100000000001,1.13039,800,900
24.06.2024 00:40:40.188,1.1305500000000002,1.13035,1300,1100
24.06.2024 00:40:40.341,1.1304800000000002,1.1303400000000001,1500,1000
24.06.2024 00:40:44.412,1.13049,1.13035,1100,1300
24.06.2024 00:40:46.611,1.1305100000000001,1.13038,1600,1500
24.06.2024 00:40:49.584,1.1305100000000001,1.13036,1000,1300
24.06.2024 00:40:50.998,1.13044,1.1304100000000001,1000,1200
24.06.2024 00:40:51.201,1.13049,1.13034,1100,1600
24.06.2024 00:40:53.717,1.13049,1.13029,1700,800
24.06.2024 00:40:55.830,1.13053,1.1303699999999999,900,900
24.06.2024 00:40:57.244,1.1304999999999998,1.1303,1400,1100
24.06.2024 00:41:09.326,1.13045,1.1303400000000001,1100,1400
24.06.2024 00:41:09.479,1.13051,1.13039,1200,1400
24.06.2024 00:41:13.051,1.13045,1.13032,900,1600
24.06.2024 00:41:13.203,1.13046,1.1303400000000001,1300,1300
24.06.2024 00:41:23.708,1.1305200000000002,1.1302800000000002,1600,1200
24.06.2024 00:41:35.119,1.1304100000000001,1.1302800000000002,1300,800
24.06.2024 00:41:35.221,1.1303800000000002,1.13026,900,1100
24.06.2024 00:41:35.322,1.1304400000000001,1.1303,900,1500
24.06.2024 00:41:44.969,1.13041,1.1303600000000003,1000,1600
24.06.2024 00:41:45.022,1.1304100000000001,1.1303200000000002,1400,1400
24.06.2024 00:41:45.527,1.13048,1.13026,700,1200
24.06.2024 00:41:45.730,1.1304100000000001,1.1302900000000002,1500,1400
24.06.2024 00:41:47.692,1.1304200000000002,1.1303500000000002,1100,1600
24.06.2024 00:41:48.045,1.1304500000000002,1.1303,1400,1200
24.06.2024 00:41:48.700,1.13043,1.1303200000000002,900,900
24.06.2024 00:41:51.970,1.13044,1.13036,800,900
24.06.2024 00:41:55.992,1.13044,1.1302900000000002,1300,900
24.06.2024 00:41:58.211,1.1304900000000002,1.13027,800,1100
24.06.2024 00:42:08.416,1.1304699999999999,1.1303400000000001,900,1400
24.06.2024 00:42:21.214,1.1304400000000001,1.13026,1200,800
24.06.2024 00:42:27.996,1.1304,1.13026,800,1100
24.06.2024 00:43:23.003,1.1304600000000002,1.13031,1600,800
24.06.2024 00:43:38.025,1.13037,1.13024,1000,1000
24.06.2024 00:43:50.432,1.1304100000000001,1.1303100000000001,1100,1500
24.06.2024 00:43:50.534,1.13049,1.1303200000000002,800,1100
24.06.2024 00:43:56.814,1.13044,1.13029,1500,900
24.06.2024 00:44:03.798,1.13042,1.13026,900,900
24.06.2024 00:44:11.379,1.1304100000000001,1.13025,800,1300
24.06.2024 00:44:32.519,1.1304700000000003,1.1302699999999999,1100,1200
24.06.2024 00:44:34.783,1.1304699999999999,1.13029,900,800
24.06.2024 00:44:38.154,1.13041,1.1303000000000003,800,1000
24.06.2024 00:44:50.189,1.13043,1.13024,1500,1700
24.06.2024 00:44:56.124,1.13037,1.13033,1600,1000
24.06.2024 00:45:06.831,1.1304100000000001,1.13026,900,1500
24.06.2024 00:45:14.013,1.13043,1.13026,1200,900
24.06.2024 00:45:14.165,1.13047,1.1303400000000001,900,1300
24.06.2024 00:45:28.408,1.1304100000000001,1.13029,900,800
24.06.2024 00:45:31.933,1.13039,1.13031,1200,1300
24.06.2024 00:45:32.639,1.13041,1.1302400000000001,1100,1500
24.06.2024 00:45:36.611,1.13037,1.1303,1000,1300
24.06.2024 00:45:36.713,1.1303800000000002,1.13028,700,1100
24.06.2024 00:45:36.815,1.13037,1.1302400000000001,1400,1200
24.06.2024 00:45:52.483,1.13038,1.1302300000000003,1600,1600
24.06.2024 00:46:00.130,1.13036,1.1302400000000001,1500,800
24.06.2024 00:46:00.435,1.13038,1.1302400000000001,1400,1700
24.06.2024 00:46:37.128,1.1303000000000003,1.1301700000000001,800,1500
24.06.2024 00:46:37.230,1.13032,1.13022,1300,900
24.06.2024 00:46:43.966,1.13039,1.1302400000000001,1300,1000
24.06.2024 00:46:47.185,1.1304200000000002,1.13026,1000,700
24.06.2024 00:46:53.876,1.1304100000000001,1.1302200000000002,1200,900
24.06.2024 00:46:53.927,1.1303,1.1301700000000001,1300,1600
24.06.2024 00:46:54.735,1.1303400000000001,1.13023,1100,1000
24.06.2024 00:47:05.719,1.1303400000000001,1.13019,800,1600
24.06.2024 00:47:06.526,1.1303400000000001,1.1301700000000001,800,1700
24.06.2024 00:47:11.651,1.1303,1.1302200000000002,900,1100
24.06.2024 00:47:11.702,1.1303600000000003,1.13019,1400,1200
24.06.2024 00:47:17.882,1.1302800000000002,1.13015,1600,800
24.06.2024 00:47:17.986,1.13026,1.1301800000000002,1100,900
24.06.2024 00:47:19.293,1.1303200000000002,1.13019,1400,1000
24.06.2024 00:47:24.821,1.13027,1.1302100000000002,1000,1700
24.06.2024 00:47:29.245,1.1303500000000002,1.1302,1300,1200
24.06.2024 00:47:36.330,1.1302999999999999,1.1302,1400,900
24.06.2024 00:47:42.159,1.1302800000000002,1.13015,1600,1500
24.06.2024 00:47:42.261,1.13026,1.1300700000000001,1500,1100
24.06.2024 00:47:49.965,1.1302800000000002,1.1301600000000003,1400,900
24.06.2024 00:47:50.067,1.1303400000000001,1.1301700000000001,700,1000
24.06.2024 00:47:50.169,1.1302699999999999,1.13019,1400,700
24.06.2024 00:47:55.707,1.1302800000000002,1.13017,1600,800
24.06.2024 00:48:03.048,1.13026,1.13009,900,1100
24.06.2024 00:48:06.517,1.13029,1.1300800000000002,900,1300
24.06.2024 00:48:08.383,1.13023,1.1300700000000001,1500,1100
24.06.2024 00:48:09.592,1.13028,1.1301100000000002,1400,1600
24.06.2024 00:48:10.347,1.1303,1.1301599999999998,1500,1300
24.06.2024 00:48:10.449,1.13031,1.1300999999999999,1500,1300
24.06.2024 00:48:19.394,1.1303,1.13016,1100,1500
24.06.2024 00:48:34.477,1.13027,1.13016,800,800
24.06.2024 00:48:34.579,1.1303400000000001,1.13017,1500,800
24.06.2024 00:48:40.013,1.1303,1.13021,1600,1400
24.06.2024 00:48:45.245,1.13028,1.1301400000000001,1200,1500
24.06.2024 00:48:48.066,1.1301900000000002,1.1300400000000002,1400,1500
24.06.2024 00:48:48.168,1.1301700000000001,1.1301100000000002,1400,9100
24.06.2024 00:48:48.270,1.1302,1.13006,800,1600
24.06.2024 00:48:48.775,1.13013,1.13,1400,1500
24.06.2024 00:48:51.699,1.13015,1.13001,1700,1500
24.06.2024 00:48:53.308,1.1302,1.13006,1600,1000
24.06.2024 00:49:01.154,1.1301900000000002,1.13009,800,1400
24.06.2024 00:49:23.889,1.1302400000000001,1.13006,700,1600
24.06.2024 00:49:24.041,1.13018,1.13005,1300,800
24.06.2024 00:49:24.847,1.1302500000000002,1.13002,1100,1500
24.06.2024 00:49:25.100,1.13016,1.13009,1200,1400
24.06.2024 00:49:25.958,1.13021,1.13003,700,800
24.06.2024 00:49:45.911,1.1301800000000002,1.1301,1400,1300
24.06.2024 00:49:49.738,1.1302400000000001,1.13006,1100,1000
24.06.2024 00:49:49.840,1.13023,1.13009,1600,1500
24.06.2024 00:49:50.194,1.1302000000000003,1.1301,1400,1600
24.06.2024 00:49:54.977,1.1302100000000002,1.1300500000000002,1000,1300
24.06.2024 00:49:55.381,1.13019,1.1301,900,1700
24.06.2024 00:50:06.481,1.1301299999999999,1.1301,1000,700
24.06.2024 00:50:09.296,1.13016,1.1300800000000002,1200,1100
24.06.2024 00:50:11.158,1.13016,1.13007,1000,1300
24.06.2024 00:50:12.016,1.13015,1.13005,800,1400
24.06.2024 00:50:13.177,1.13017,1.13001,1000,1000
24.06.2024 00:50:27.669,1.1301400000000001,1.1300800000000002,900,1600
24.06.2024 00:50:34.908,1.1302,1.13006,1300,900
24.06.2024 00:50:35.010,1.1301800000000002,1.1301,9699.9996,1100
24.06.2024 00:50:51.275,1.1302600000000003,1.13012,1000,1400
24.06.2024 00:50:55.956,1.13022,1.1301,700,1500
24.06.2024 00:50:56.058,1.13023,1.1300700000000001,700,1400
24.06.2024 00:50:56.109,1.13022,1.13003,1300,1000
24.06.2024 00:50:56.211,1.1302400000000001,1.1300400000000002,1600,700
24.06.2024 00:51:10.279,1.13017,1.13002,1400,700
24.06.2024 00:51:10.734,1.1302,1.13001,1400,1200
24.06.2024 00:51:18.142,1.13013,1.1300700000000001,1300,800
24.06.2024 00:51:19.051,1.1301400000000001,1.13005,1300,1400
24.06.2024 00:51:20.611,1.1301400000000001,1.13002,1400,1400
24.06.2024 00:51:23.177,1.1302,1.13007,1200,1300
24.06.2024 00:51:27.753,1.13012,1.1300400000000002,800,700
24.06.2024 00:51:30.874,1.13016,1.13005,1500,1300
24.06.2024 00:51:47.101,1.13017,1.13007,1000,900
24.06.2024 00:51:47.202,1.13012,1.1300599999999998,1100,1100
24.06.2024 00:51:47.456,1.13013,1.1300700000000001,800,1500
24.06.2024 00:51:49.220,1.13019,1.13006,1200,1400
24.06.2024 00:51:49.826,1.13015,1.13005,900,1400
24.06.2024 00:51:51.540,1.1301400000000001,1.13002,700,1500
24.06.2024 00:51:55.560,1.13022,1.13002,1300,1200
24.06.2024 00:51:55.964,1.1301500000000002,1.13001,1100,1700
24.06.2024 00:51:56.116,1.1302,1.13007,1500,1200
24.06.2024 00:51:57.375,1.13015,1.13003,1300,900
24.06.2024 00:52:05.374,1.13019,1.1300700000000001,1500,1100
24.06.2024 00:52:09.797,1.13011,1.13003,1300,1600
24.06.2024 00:52:12.719,1.1301400000000001,1.1300599999999998,1000,1300
24.06.2024 00:52:17.903,1.13022,1.13009,1500,1200
24.06.2024 00:52:20.968,1.13016,1.13009,1600,1200
24.06.2024 00:52:22.079,1.1301900000000002,1.1301,1100,1600
24.06.2024 00:52:33.226,1.1302100000000002,1.1300700000000001,900,900
24.06.2024 00:52:35.866,1.13023,1.1300700000000001,1200,1100
24.06.2024 00:52:38.075,1.1302600000000003,1.1300500000000002,1000,1400
24.06.2024 00:52:55.978,1.13021,1.13006,700,1600
24.06.2024 00:52:56.180,1.13023,1.13008,1600,800
24.06.2024 00:52:56.636,1.1301700000000001,1.1301100000000002,1600,1300
24.06.2024 00:52:57.292,1.13019,1.13009,700,800
24.06.2024 00:52:58.048,1.1302,1.1300500000000002,1100,1600
24.06.2024 00:52:59.158,1.1301800000000002,1.13004,900,1300
24.06.2024 00:53:06.599,1.13015,1.13004,1200,1700
24.06.2024 00:53:06.651,1.13017,1.1300000000000001,1100,1100
24.06.2024 00:53:08.260,1.13018,1.13004,800,1600
24.06.2024 00:53:09.973,1.13019,1.13008,700,1600
24.06.2024 00:53:11.434,1.1302500000000002,1.13012,1020.0001,1500
24.06.2024 00:53:17.981,1.1301900000000002,1.1301,1200,1500
24.06.2024 00:53:21.301,1.13024,1.1301400000000001,1700,1000
24.06.2024 00:53:25.681,1.1302100000000002,1.13006,1400,1400
24.06.2024 00:53:27.043,1.1302599999999998,1.1301500000000002,900,1500
24.06.2024 00:53:41.494,1.13025,1.1301000000000003,1400,1400
24.06.2024 00:53:44.816,1.13021,1.1301,800,800
24.06.2024 00:53:46.078,1.1301700000000001,1.13009,1500,1500
24.06.2024 00:53:46.783,1.1301700000000001,1.1300299999999999,800,1100
24.06.2024 00:53:46.834,1.13022,1.13006,1300,900
24.06.2024 00:53:46.936,1.13018,1.13008,1000,1300
24.06.2024 00:53:51.207,1.13017,1.13008,800,700
24.06.2024 00:53:54.223,1.1301400000000001,1.13002,1700,1400
24.06.2024 00:53:55.883,1.1302,1.13007,1600,1100
24.06.2024 00:54:01.564,1.1302,1.1300700000000001,1500,1600
24.06.2024 00:54:03.022,1.13022,1.13001,1100,1300
24.06.2024 00:54:04.081,1.13022,1.13006,1000,1000
24.06.2024 00:54:09.417,1.1301400000000001,1.13003,1100,1500
24.06.2024 00:54:16.711,1.13016,1.13008,900,1400
24.06.2024 00:54:19.027,1.1301299999999999,1.13001,1300,1300
24.06.2024 00:54:33.963,1.13023,1.13003,1400,1000
24.06.2024 00:54:34.065,1.1301700000000001,1.13005,900,1000
24.06.2024 00:54:34.116,1.1302,1.13,900,800
24.06.2024 00:54:36.985,1.13021,1.13006,1500,1000
24.06.2024 00:54:37.841,1.13022,1.1300400000000002,1400,700
24.06.2024 00:54:41.666,1.13016,1.13003,1500,900
24.06.2024 00:54:42.219,1.13015,1.13008,1600,1300
24.06.2024 00:54:43.127,1.13016,1.13005,1100,1100
24.06.2024 00:54:48.210,1.1301800000000002,1.13002,1600,1500
24.06.2024 00:54:48.363,1.1302200000000002,1.1300400000000002,900,1200
24.06.2024 00:54:53.298,1.1302400000000001,1.13001,1200,1600
24.06.2024 00:54:54.256,1.13025,1.1300299999999999,1600,1000
24.06.2024 00:54:54.358,1.13023,1.1301500000000002,1100,1600
24.06.2024 00:54:54.459,1.13023,1.13013,1600,700
24.06.2024 00:54:54.561,1.13026,1.13005,1200,900
24.06.2024 00:54:54.713,1.1302699999999999,1.13006,1300,1600
24.06.2024 00:54:54.814,1.1302599999999998,1.1301200000000002,1300,1400
24.06.2024 00:54:58.088,1.13025,1.13012,800,700
24.06.2024 00:55:00.158,1.1303,1.1301600000000003,900,1200
24.06.2024 00:55:00.310,1.13025,1.13009,1200,1500
24.06.2024 00:55:00.361,1.13028,1.1301100000000002,900,1300
24.06.2024 00:55:00.513,1.1302800000000002,1.1301500000000002,900,1000
24.06.2024 00:55:01.272,1.1302500000000002,1.13006,700,1200
24.06.2024 00:55:01.979,1.1302,1.13004,700,1500
24.06.2024 00:55:02.736,1.13016,1.1300999999999999,1000,800
24.06.2024 00:55:03.292,1.1302500000000002,1.13006,1300,700
24.06.2024 00:55:03.746,1.13015,1.1299800000000002,900,9499.9996
24.06.2024 00:55:03.797,1.1301800000000002,1.13007,1600,1400
24.06.2024 00:55:03.899,1.13015,1.13009,800,1500
24.06.2024 00:55:04.605,1.1301400000000001,1.13007,1600,1100
24.06.2024 00:55:04.706,1.13013,1.1300000000000001,1100,900
24.06.2024 00:55:04.808,1.13014,1.1300800000000002,1600,800
24.06.2024 00:55:05.012,1.1301600000000003,1.12995,1500,1300
24.06.2024 00:55:06.374,1.1301600000000003,1.12994,1300,1000
24.06.2024 00:55:06.425,1.1301100000000002,1.12999,1000,1100
24.06.2024 00:55:07.731,1.13016,1.13003,1700,1200
24.06.2024 00:55:07.833,1.13017,1.1300000000000001,1120.0001,1200
24.06.2024 00:55:08.338,1.13014,1.1300700000000001,1100,1400
24.06.2024 00:55:15.845,1.13012,1.13002,1500,1500
24.06.2024 00:55:15.946,1.1301400000000001,1.13001,800,1500
24.06.2024 00:55:17.606,1.13019,1.13005,1500,1300
24.06.2024 00:55:17.707,1.1301700000000001,1.13002,1600,1400
24.06.2024 00:55:19.218,1.13018,1.13006,1000,1200
24.06.2024 00:55:19.873,1.1301700000000001,1.1300000000000001,1400,1100
24.06.2024 00:55:21.336,1.13015,1.13002,920.0001,1600
24.06.2024 00:55:21.488,1.1301400000000001,1.13006,1220.0001,1100
24.06.2024 00:55:21.740,1.1301299999999999,1.1300200000000002,900,900
24.06.2024 00:55:23.203,1.13015,1.13002,1600,1000
24.06.2024 00:55:23.759,1.13008,1.1299800000000002,1000,1400
24.06.2024 00:55:28.730,1.13018,1.13005,1600,1600
24.06.2024 00:55:36.169,1.1301,1.1300100000000002,800,1500
24.06.2024 00:55:41.400,1.1300999999999999,1.12999,900,1500
24.06.2024 00:55:41.652,1.13023,1.1299899999999998,800,1400
24.06.2024 00:55:41.855,1.13022,1.1300400000000002,1500,900
24.06.2024 00:55:41.959,1.13015,1.13003,1700,1400
24.06.2024 00:55:42.010,1.1302400000000001,1.13009,800,1600
24.06.2024 00:55:44.532,1.13017,1.1300400000000002,800,1700
24.06.2024 00:55:46.620,1.13015,1.13008,1300,1700
24.06.2024 00:55:47.880,1.13022,1.13009,1100,900
24.06.2024 00:55:49.289,1.1302200000000002,1.1300800000000002,1000,1200
24.06.2024 00:55:55.327,1.13025,1.13012,1000,1400
24.06.2024 00:55:56.637,1.13022,1.1300700000000001,700,1300
24.06.2024 00:55:56.889,1.13024,1.1301300000000003,1100,1300
24.06.2024 00:56:00.217,1.13025,1.1301400000000001,1300,1200
24.06.2024 00:56:01.328,1.13031,1.13015,900,1500
24.06.2024 00:56:04.651,1.13025,1.1300999999999999,1000,1400
24.06.2024 00:56:05.207,1.1302800000000002,1.1301800000000002,1200,800
24.06.2024 00:56:05.512,1.13026,1.13018,1700,800
24.06.2024 00:56:06.417,1.13031,1.13013,1600,1300
24.06.2024 00:56:07.625,1.13024,1.1301400000000001,800,1600
24.06.2024 00:56:07.726,1.13033,1.13012,700,900
24.06.2024 00:56:13.360,1.13033,1.1301999999999999,1300,900
24.06.2024 00:56:19.045,1.13026,1.13018,1600,1300
24.06.2024 00:56:19.248,1.13026,1.13014,900,1000
24.06.2024 00:56:20.456,1.13031,1.1302,1700,900
24.06.2024 00:56:23.664,1.1302699999999999,1.13011,1400,1500
24.06.2024 00:56:24.167,1.13021,1.1301299999999999,1000,900
24.06.2024 00:56:24.471,1.13027,1.1301500000000002,1700,1400
24.06.2024 00:56:26.784,1.13023,1.13018,1300,1400
24.06.2024 00:56:28.242,1.13022,1.1301700000000003,1100,1400
24.06.2024 00:56:29.501,1.1303,1.1301400000000001,1500,1600
24.06.2024 00:56:34.579,1.13022,1.1301200000000002,1500,1200
24.06.2024 00:56:34.731,1.1302699999999999,1.1301500000000002,1700,1300
24.06.2024 00:56:39.813,1.1302400000000001,1.1301400000000001,1000,1200
24.06.2024 00:56:40.065,1.1302600000000003,1.13005,1200,800
24.06.2024 00:56:54.499,1.1302400000000001,1.13006,700,1200
24.06.2024 00:57:25.177,1.1301700000000001,1.13005,1200,800
24.06.2024 00:57:26.184,1.1302,1.13006,1400,1500
24.06.2024 00:57:30.055,1.1301900000000002,1.1300999999999999,1000,1000
24.06.2024 00:57:32.172,1.1301800000000002,1.13005,1000,1300
24.06.2024 00:57:33.881,1.1301800000000002,1.13005,1300,1400
24.06.2024 00:57:34.486,1.1302800000000002,1.1301,1200,1200
24.06.2024 00:57:38.411,1.1302000000000003,1.13011,1300,1200
24.06.2024 00:57:39.267,1.1302,1.13007,1200,900
24.06.2024 00:57:51.433,1.1301700000000001,1.1300700000000001,1300,1400
24.06.2024 00:57:59.830,1.13018,1.13006,1300,1500
24.06.2024 00:58:00.185,1.1302,1.1300700000000001,1400,1300
24.06.2024 00:58:00.286,1.1302400000000001,1.13,1300,900
24.06.2024 00:58:01.344,1.13023,1.1301100000000002,700,1400
24.06.2024 00:58:10.797,1.13021,1.13001,1200,1200
24.06.2024 00:58:16.923,1.1302,1.13009,1000,1000
24.06.2024 00:58:17.025,1.1302,1.13004,700,700
24.06.2024 00:58:26.323,1.1300999999999999,1.1300000000000001,1600,900
24.06.2024 00:58:42.602,1.1301400000000001,1.1299800000000002,1300,1100
24.06.2024 00:58:42.704,1.1301100000000002,1.12996,800,1700
24.06.2024 00:58:43.358,1.1301599999999998,1.12999,1100,1500
24.06.2024 00:58:43.662,1.13018,1.13002,1000,800
24.06.2024 00:58:43.814,1.13012,1.1300500000000002,1600,1100
24.06.2024 00:58:45.826,1.13006,1.12997,1500,1300
24.06.2024 00:58:47.036,1.13013,1.1300100000000002,800,1000
24.06.2024 00:58:55.385,1.1300700000000001,1.12998,1200,900
24.06.2024 00:58:59.105,1.13005,1.1300100000000002,1500,1600
24.06.2024 00:58:59.207,1.1301400000000001,1.12996,1200,800
24.06.2024 00:59:01.778,1.13011,1.1299500000000002,1000,1200
24.06.2024 00:59:03.338,1.13006,1.1299400000000002,1300,1200
24.06.2024 00:59:06.057,1.1300299999999999,1.12997,1600,800
24.06.2024 00:59:16.813,1.1300800000000002,1.1299000000000001,900,1400
24.06.2024 00:59:18.121,1.13013,1.1299599999999999,1100,800
24.06.2024 00:59:18.425,1.1301100000000002,1.12995,1600,1500
24.06.2024 00:59:19.131,1.13007,1.12996,800,1100
24.06.2024 00:59:38.348,1.13002,1.12985,1000,1300
24.06.2024 00:59:47.891,1.13002,1.1299400000000002,1600,1100
24.06.2024 00:59:47.992,1.12996,1.12987,1600,1600
24.06.2024 00:59:48.447,1.12996,1.1298599999999999,900,1600
24.06.2024 00:59:48.549,1.12998,1.12984,800,1000
24.06.2024 00:59:49.255,1.1299,1.12982,1400,1020.0001
24.06.2024 00:59:52.378,1.12994,1.12976,700,700
24.06.2024 00:59:54.246,1.1299199999999998,1.1298100000000002,900,1300
24.06.2024 00:59:59.827,1.12993,1.12981,1500,1300
24.06.2024 01:00:07.981,1.1299,1.12979,1500,1700
24.06.2024 01:00:19.158,1.12992,1.1297700000000002,1200,1600
24.06.2024 01:00:19.310,1.1299299999999999,1.12976,1400,1200
24.06.2024 01:00:19.815,1.1298900000000003,1.1297500000000003,1400,1000
24.06.2024 01:00:19.916,1.1298900000000003,1.12975,800,900
24.06.2024 01:00:20.774,1.12993,1.1297500000000003,900,1400
24.06.2024 01:00:22.992,1.12985,1.12971,1700,1500
24.06.2024 01:00:25.110,1.12987,1.12975,1600,1100
24.06.2024 01:00:34.032,1.1299400000000002,1.1297300000000001,1200,1000
24.06.2024 01:00:34.134,1.12992,1.12974,700,1200
24.06.2024 01:00:35.191,1.12993,1.12976,1200,1500
24.06.2024 01:00:37.055,1.12982,1.12969,1700,1020.0001
24.06.2024 01:00:37.156,1.1298300000000001,1.12974,1300,1600
24.06.2024 01:00:37.258,1.1298300000000001,1.1297499999999998,700,1320.0001
24.06.2024 01:00:44.101,1.12984,1.12969,1000,700
24.06.2024 01:00:50.398,1.12989,1.1297700000000002,1400,800
24.06.2024 01:00:50.499,1.12989,1.1296800000000002,1700,700
24.06.2024 01:00:50.601,1.12986,1.12975,1500,1100
24.06.2024 01:00:50.753,1.12989,1.12967,1700,1200
24.06.2024 01:00:52.311,1.12979,1.1296800000000002,1300,1700
24.06.2024 01:00:52.867,1.1297599999999999,1.12966,1700,1100
24.06.2024 01:00:54.026,1.12974,1.12965,1600,1600
24.06.2024 01:00:54.077,1.1297300000000001,1.1296300000000001,1600,1400
24.06.2024 01:00:54.330,1.12977,1.1296000000000002,800,1200
24.06.2024 01:00:56.348,1.12973,1.12958,1700,1600
24.06.2024 01:01:00.068,1.12978,1.1296,1600,1600
24.06.2024 01:01:00.624,1.1297,1.12959,900,1400
24.06.2024 01:01:01.281,1.12978,1.12964,1000,1500
24.06.2024 01:01:11.575,1.12979,1.12963,800,1300
24.06.2024 01:01:13.643,1.12977,1.12965,1600,1100
24.06.2024 01:01:18.922,1.12968,1.12959,1200,1100
24.06.2024 01:01:19.175,1.12966,1.1296000000000002,1000,800
24.06.2024 01:01:21.236,1.12971,1.1296,1000,1100
24.06.2024 01:01:27.735,1.12975,1.1296000000000002,1200,1600
24.06.2024 01:01:32.563,1.12969,1.1296300000000001,1300,1600
24.06.2024 01:01:32.715,1.12975,1.12955,1000,1200
24.06.2024 01:01:34.084,1.12973,1.12958,1600,1000
24.06.2024 01:01:37.255,1.1297300000000001,1.1296000000000002,800,800
24.06.2024 01:01:40.485,1.12967,1.12959,800,1100
24.06.2024 01:01:41.645,1.12968,1.1296000000000002,1200,1600
24.06.2024 01:01:42.099,1.1297100000000002,1.12954,1300,1400
24.06.2024 01:01:42.554,1.1297100000000002,1.12954,900,1600
24.06.2024 01:01:46.784,1.12967,1.1295499999999998,800,1100
24.06.2024 01:01:46.886,1.12966,1.12952,800,1000
24.06.2024 01:01:46.987,1.12969,1.1295600000000001,900,1700
24.06.2024 01:01:48.453,1.12968,1.1296,900,1000
24.06.2024 01:01:51.877,1.12968,1.1296300000000001,1500,1300
24.06.2024 01:01:55.600,1.12966,1.12959,900,1220.0001
24.06.2024 01:01:56.307,1.12972,1.1295300000000001,1700,1200
24.06.2024 01:01:56.509,1.12969,1.1296,1000,1400
24.06.2024 01:01:57.015,1.1297,1.12958,1300,1100
24.06.2024 01:02:02.605,1.1296800000000002,1.12955,1300,1300
24.06.2024 01:02:02.656,1.12971,1.1296300000000001,1500,1300
24.06.2024 01:02:04.923,1.12971,1.12951,1200,1100
24.06.2024 01:02:05.025,1.1296400000000002,1.12952,1500,900
24.06.2024 01:02:13.452,1.1296700000000002,1.12957,1700,1300
24.06.2024 01:02:15.667,1.12964,1.12953,1400,1720.0001
24.06.2024 01:02:15.718,1.12966,1.12947,700,700
24.06.2024 01:02:15.820,1.12962,1.1295,800,1400
24.06.2024 01:02:17.683,1.1297,1.12952,1200,1300
24.06.2024 01:02:17.836,1.12967,1.12959,800,1400
24.06.2024 01:02:17.937,1.1296800000000002,1.1295300000000001,1600,900
24.06.2024 01:02:19.651,1.12971,1.12952,1500,800
24.06.2024 01:02:23.777,1.12972,1.1295700000000002,1700,1400
24.06.2024 01:02:27.250,1.12964,1.12952,1000,800
24.06.2024 01:02:38.571,1.1297300000000001,1.1295700000000002,1000,800
24.06.2024 01:02:41.340,1.12972,1.1295600000000001,800,1200
24.06.2024 01:02:46.772,1.12972,1.1295700000000002,1600,1300
24.06.2024 01:02:46.823,1.1297599999999999,1.1296400000000002,800,1300
24.06.2024 01:02:48.435,1.12975,1.12965,1100,1400
24.06.2024 01:02:52.810,1.12968,1.1295600000000001,1400,1100
24.06.2024 01:02:52.912,1.1296700000000002,1.12959,1000,900
24.06.2024 01:02:53.317,1.1296700000000002,1.1295400000000002,1100,1400
24.06.2024 01:02:55.634,1.12966,1.1296100000000002,1200,1100
24.06.2024 01:02:55.837,1.12976,1.12957,1600,900
24.06.2024 01:02:55.939,1.12975,1.1296400000000002,1320.0001,800
24.06.2024 01:03:00.211,1.1297,1.12959,1600,1500
24.06.2024 01:03:00.313,1.1297400000000002,1.12962,1500,1300
24.06.2024 01:03:03.583,1.1297,1.1296400000000002,1100,900
24.06.2024 01:03:03.735,1.12972,1.1296,1300,800
24.06.2024 01:03:07.209,1.12977,1.1295800000000003,700,1000
24.06.2024 01:03:15.409,1.12975,1.12965,900,1700
24.06.2024 01:03:15.560,1.1297300000000001,1.1296599999999999,900,900
24.06.2024 01:03:23.787,1.1297499999999998,1.1296100000000002,800,1000
24.06.2024 01:03:23.889,1.1296800000000002,1.12957,1200,700
24.06.2024 01:03:24.949,1.12972,1.1295300000000001,1700,800
24.06.2024 01:03:25.202,1.12964,1.12953,1100,1100
24.06.2024 01:03:44.452,1.12972,1.1295800000000003,800,900
24.06.2024 01:03:46.163,1.1296800000000002,1.12961,1400,1300
24.06.2024 01:03:46.920,1.12971,1.1295300000000001,1100,1400
24.06.2024 01:03:48.129,1.1297400000000002,1.12952,1200,1500
24.06.2024 01:03:48.280,1.1296800000000002,1.1295300000000001,1000,1600
24.06.2024 01:03:54.623,1.1297499999999998,1.1296100000000002,1500,700
24.06.2024 01:03:55.279,1.12974,1.1295600000000001,1300,1700
24.06.2024 01:03:57.015,1.12971,1.12961,1300,1500
24.06.2024 01:03:57.622,1.12975,1.12961,1300,1400
24.06.2024 01:03:57.825,1.12972,1.1296000000000002,900,800
24.06.2024 01:04:16.839,1.12977,1.1296400000000002,1000,800
24.06.2024 01:04:29.308,1.12971,1.12964,1400,1500
24.06.2024 01:04:37.920,1.12972,1.12963,1200,1400
24.06.2024 01:04:37.972,1.12972,1.12962,900,1600
24.06.2024 01:04:38.073,1.1298200000000003,1.1295799999999998,800,1100
24.06.2024 01:04:38.529,1.12979,1.12962,1700,1000
24.06.2024 01:04:38.580,1.12977,1.12958,800,900
24.06.2024 01:04:38.682,1.12972,1.12958,1500,1000
24.06.2024 01:04:38.783,1.12979,1.1295800000000003,700,1000
24.06.2024 01:04:53.171,1.1296799999999998,1.1295700000000002,1100,900
24.06.2024 01:05:01.969,1.12974,1.12961,1500,900
24.06.2024 01:05:07.856,1.12974,1.1296,1700,1500
24.06.2024 01:05:07.907,1.1296899999999999,1.1296,1400,1100
24.06.2024 01:05:07.958,1.1297599999999999,1.12962,700,900
24.06.2024 01:05:14.531,1.1297199999999998,1.12957,1300,1300
24.06.2024 01:05:19.961,1.12971,1.1296000000000002,1300,1200
24.06.2024 01:05:44.672,1.12978,1.1296599999999999,1500,1100
24.06.2024 01:05:44.977,1.1298000000000001,1.12953,1300,800
24.06.2024 01:06:00.492,1.12979,1.1296000000000002,700,1720.0001
24.06.2024 01:06:01.198,1.12985,1.12959,1600,1620.0001
24.06.2024 01:06:01.400,1.12979,1.1296300000000001,800,1320.0001
24.06.2024 01:06:02.256,1.12982,1.12961,1300,1120.0001
24.06.2024 01:06:07.343,1.12986,1.1296,1720.0001,1500
24.06.2024 01:06:08.251,1.1298,1.12962,1720.0001,920.0001
24.06.2024 01:06:08.353,1.12978,1.12962,1200,1220.0001
24.06.2024 01:06:08.404,1.12979,1.12961,1320.0001,1820.0001
24.06.2024 01:06:13.741,1.12982,1.1295300000000001,820.0001,1120.0001
24.06.2024 01:06:14.652,1.12975,1.1295400000000002,1420.0001,1320.0001
24.06.2024 01:06:17.721,1.12973,1.1295600000000001,1320.0001,1720.0001
24.06.2024 01:06:20.241,1.12978,1.12954,1220.0001,1220.0001
24.06.2024 01:06:21.148,1.12981,1.12958,820.0001,1420.0001
24.06.2024 01:06:24.671,1.1297800000000002,1.1295300000000001,1520.0001,10220.0005
24.06.2024 01:06:24.773,1.12979,1.12957,1820.0001,8719.9999
24.06.2024 01:06:24.976,1.12979,1.1295,920.0001,1120.0001
24.06.2024 01:06:25.783,1.12978,1.12954,1820.0001,1620.0001
24.06.2024 01:06:26.239,1.12972,1.12951,1120.0001,820.0001
24.06.2024 01:06:29.684,1.1297,1.12954,1600,1620.0001
24.06.2024 01:06:29.788,1.1297300000000001,1.1295600000000001,910,1320.0001
24.06.2024 01:06:30.091,1.12979,1.12952,900,1020.0001
24.06.2024 01:06:30.394,1.12975,1.12959,1500,1220.0001
24.06.2024 01:06:38.348,1.12978,1.12955,1100,1320.0001
24.06.2024 01:06:42.176,1.1297,1.12954,1600,1340
24.06.2024 01:06:42.629,1.1297599999999999,1.12952,1320.0001,1540
24.06.2024 01:06:50.982,1.1297,1.12952,1720.0001,1820.0001
24.06.2024 01:06:59.578,1.1297599999999999,1.12949,1820.0001,1120.0001
24.06.2024 01:07:01.140,1.1297400000000002,1.12947,1500,1220.0001
24.06.2024 01:07:05.312,1.12975,1.1295,800,1620.0001
24.06.2024 01:07:05.516,1.12974,1.12952,1700,1600
24.06.2024 01:07:28.442,1.12964,1.12947,700,800
24.06.2024 01:07:29.400,1.1296800000000002,1.12947,1000,1220.0001
24.06.2024 01:07:29.451,1.12972,1.12952,900,1200
24.06.2024 01:07:29.603,1.1297100000000002,1.12951,900,1020.0001
24.06.2024 01:07:34.682,1.12965,1.12955,1400,1000
24.06.2024 01:07:34.884,1.12965,1.12949,1300,1020.0001
24.06.2024 01:07:34.986,1.1297000000000001,1.12957,1420.0001,1100
24.06.2024 01:07:35.087,1.12971,1.1294899999999999,1520.0001,900
24.06.2024 01:07:35.441,1.12968,1.12956,1400,700
24.06.2024 01:07:35.492,1.1297499999999998,1.12954,800,700
24.06.2024 01:07:41.883,1.1297300000000001,1.12958,1100,1000
24.06.2024 01:07:43.142,1.1297400000000002,1.12948,1300,1500
24.06.2024 01:07:47.320,1.12966,1.12947,800,1300
24.06.2024 01:07:49.434,1.1297300000000001,1.1295199999999999,1600,1700
24.06.2024 01:07:52.100,1.12969,1.12954,1700,1300
24.06.2024 01:07:54.423,1.1297300000000001,1.1295000000000002,1520,8890.0002
24.06.2024 01:07:55.681,1.1297400000000002,1.12945,2020,9519.9999
24.06.2024 01:07:57.040,1.1297700000000002,1.12947,11620.0003,10120.0005
24.06.2024 01:07:57.947,1.1297400000000002,1.1295000000000002,1920,9019.9999
24.06.2024 01:08:00.313,1.1298,1.12948,2520,9019.9999
24.06.2024 01:08:00.566,1.1297300000000001,1.12951,2720,8719.9999
24.06.2024 01:08:00.970,1.1298,1.12944,3319.9999,9019.9999
24.06.2024 01:08:01.426,1.12976,1.1294600000000001,10920.0003,9019.9999
24.06.2024 01:08:02.031,1.1297500000000003,1.1294499999999998,2320,8690.0002
24.06.2024 01:08:03.291,1.12979,1.12951,11020.0003,9490.0002
24.06.2024 01:08:04.048,1.12979,1.12948,920.0001,8719.9999
24.06.2024 01:08:07.223,1.12971,1.12949,820.0001,9820.0005
24.06.2024 01:08:14.702,1.12979,1.12945,1120.0001,8500
24.06.2024 01:08:14.956,1.12978,1.1295,1120.0001,8590.0002
24.06.2024 01:08:16.517,1.12975,1.1295199999999999,1620.0001,9419.9999
24.06.2024 01:08:18.230,1.12972,1.12946,1520.0001,9200
24.06.2024 01:08:18.734,1.1298000000000001,1.12951,820.0001,8790.0002
24.06.2024 01:08:28.403,1.12971,1.1294499999999998,1120,9319.9999
24.06.2024 01:08:36.199,1.12976,1.12951,2520,9520.0005
24.06.2024 01:08:36.302,1.1298300000000001,1.12953,8700,1140
24.06.2024 01:08:36.353,1.12984,1.12958,1400,9319.9999
24.06.2024 01:08:36.909,1.1298599999999999,1.1295600000000001,920.0001,9519.9999
24.06.2024 01:08:37.666,1.1298599999999999,1.12959,820.0001,8990.0002
24.06.2024 01:08:39.375,1.12984,1.12951,1320.0001,9019.9999
24.06.2024 01:08:40.132,1.12982,1.12952,1120.0001,8819.9999
24.06.2024 01:08:41.039,1.12981,1.12959,1320.0001,9519.9999
24.06.2024 01:08:44.153,1.12977,1.12955,1820.0001,9219.9999
24.06.2024 01:08:44.268,1.1298300000000001,1.12951,1200,9319.9999
24.06.2024 01:08:45.428,1.1298300000000001,1.1294899999999999,1220.0001,9190.0002
24.06.2024 01:08:46.083,1.1298400000000002,1.1295499999999998,1620.0001,9390.0002
24.06.2024 01:08:46.434,1.12976,1.12951,1120.0001,8690.0002
24.06.2024 01:08:47.039,1.12978,1.12956,820.0001,9019.9999
24.06.2024 01:08:47.393,1.12976,1.1295,1020.0001,8919.9999
24.06.2024 01:08:50.868,1.1297400000000002,1.1295300000000001,1220.0001,10520.0005
24.06.2024 01:08:52.180,1.1298300000000001,1.12952,1020.0001,1020.0001
24.06.2024 01:08:52.533,1.12978,1.12947,1320.0001,10220.0005
24.06.2024 01:08:52.836,1.12978,1.12953,800,9720.0005
24.06.2024 01:08:53.494,1.1297500000000003,1.12954,1820.0001,10439.9998
24.06.2024 01:08:56.614,1.12975,1.12953,1120.0001,10339.9998
24.06.2024 01:08:59.335,1.1297300000000001,1.12952,1420.0001,10739.9998
24.06.2024 01:09:11.575,1.1298100000000002,1.1295,1420.0001,8719.9999
24.06.2024 01:09:12.081,1.12976,1.12948,820.0001,9219.9999
24.06.2024 01:09:12.988,1.12978,1.1294700000000002,1610,9720.0005
24.06.2024 01:09:14.700,1.1297800000000002,1.12948,1540,10220.0005
24.06.2024 01:09:15.206,1.1297300000000001,1.1295600000000001,810,9419.9999
24.06.2024 01:09:16.767,1.12979,1.12948,1220.0001,9619.9999
24.06.2024 01:09:17.221,1.1298100000000002,1.12949,1540,9619.9999
24.06.2024 01:09:18.244,1.12979,1.12947,1420.0001,8619.9999
24.06.2024 01:09:18.547,1.12979,1.12947,1220.0001,8919.9999
24.06.2024 01:09:23.785,1.1297300000000001,1.12955,1420.0001,9319.9999
24.06.2024 01:09:29.773,1.1297400000000002,1.12951,900,8719.9999
24.06.2024 01:09:30.076,1.12979,1.12946,920.0001,8819.9999
24.06.2024 01:09:30.480,1.1297300000000001,1.12948,1620.0001,9020.0001
24.06.2024 01:09:31.343,1.1298100000000002,1.1294499999999998,1420.0001,9220.0001
24.06.2024 01:09:42.099,1.12972,1.12948,1720.0001,10320.0005
24.06.2024 01:09:44.562,1.12979,1.12955,820.0001,10120.0005
24.06.2024 01:09:44.764,1.12979,1.12951,700,9619.9999
24.06.2024 01:09:44.967,1.12977,1.1294899999999999,820.0001,9619.9999
24.06.2024 01:09:48.740,1.12977,1.12945,1520.0001,10640.0003
24.06.2024 01:09:52.515,1.12975,1.12951,920.0001,10020.0005
24.06.2024 01:09:54.533,1.12972,1.12952,1620.0001,10639.9998
24.06.2024 01:09:54.835,1.1297300000000001,1.12943,1320.0001,10310
24.06.2024 01:09:55.642,1.12977,1.12944,820.0001,11540.0003
24.06.2024 01:09:55.743,1.12975,1.1295199999999999,1100,1620.0001
24.06.2024 01:09:58.118,1.12976,1.12954,1320.0001,9920.0005
24.06.2024 01:10:00.642,1.1297700000000002,1.12949,1420.0001,1620.0001
24.06.2024 01:10:00.995,1.1297800000000002,1.12954,1420.0001,1220.0001
24.06.2024 01:10:01.198,1.1298100000000002,1.12949,1300,9420.0001
24.06.2024 01:10:01.299,1.12978,1.12957,1720.0001,9000
24.06.2024 01:10:01.452,1.12978,1.12947,1720.0001,1720.0001
24.06.2024 01:10:01.906,1.1297700000000002,1.12951,1020.0001,8900
24.06.2024 01:10:02.008,1.1298200000000003,1.12954,1100,1300
24.06.2024 01:10:02.160,1.12974,1.1294899999999999,1600,1700
24.06.2024 01:10:02.515,1.1297800000000002,1.1295700000000002,1300,1710
24.06.2024 01:10:02.617,1.12986,1.12955,9799.9996,800
24.06.2024 01:10:02.719,1.12978,1.12959,1300,9410.0004
24.06.2024 01:10:02.821,1.12979,1.1295800000000003,900,9319.9999
24.06.2024 01:10:03.427,1.12978,1.12959,700,1020.0001
24.06.2024 01:10:03.629,1.1297400000000002,1.12955,800,9319.9999
24.06.2024 01:10:04.386,1.12972,1.12954,1600,1320.0001
24.06.2024 01:10:06.146,1.12978,1.1294899999999999,1200,1020.0001
24.06.2024 01:10:06.248,1.12976,1.12954,1300,1520.0001
24.06.2024 01:10:07.202,1.1297400000000002,1.12957,1300,1320.0001
24.06.2024 01:10:11.129,1.12973,1.1295600000000001,900,1020.0001
24.06.2024 01:10:12.087,1.12979,1.12954,1720.0001,9939.9998
24.06.2024 01:10:13.798,1.12972,1.1295600000000001,1500,9100
24.06.2024 01:10:13.900,1.12978,1.1295300000000001,920.0001,8700
24.06.2024 01:10:14.052,1.12972,1.12947,1220.0001,1120.0001
24.06.2024 01:10:14.456,1.12968,1.12947,1020.0001,10299.9996
24.06.2024 01:10:14.557,1.12964,1.12944,1100,1420.0001
24.06.2024 01:10:15.063,1.1297000000000001,1.1295200000000003,1200,920.0001
24.06.2024 01:10:15.315,1.12966,1.1295100000000002,1100,900
24.06.2024 01:10:15.417,1.1296599999999999,1.1294300000000002,1200,8800
24.06.2024 01:10:15.518,1.12959,1.12949,1100,8700
24.06.2024 01:10:15.569,1.12962,1.1294,1120.0001,1300
24.06.2024 01:10:15.671,1.1295899999999999,1.12941,1200,900
24.06.2024 01:10:16.026,1.12958,1.12941,1500,1000
24.06.2024 01:10:16.381,1.1296300000000001,1.1294600000000001,1100,800
24.06.2024 01:10:20.139,1.1295700000000002,1.12944,700,1200
24.06.2024 01:10:21.551,1.12959,1.12945,1500,920.0001
24.06.2024 01:10:21.652,1.12958,1.12944,900,1520.0001
24.06.2024 01:10:23.215,1.12959,1.12938,1500,1500
24.06.2024 01:10:24.121,1.1295600000000001,1.1294000000000002,1200,1200
24.06.2024 01:10:24.223,1.12958,1.12938,1420.0001,1600
24.06.2024 01:10:24.527,1.12957,1.12934,1400,1600
24.06.2024 01:10:24.628,1.12959,1.1294000000000002,700,10220.0005
24.06.2024 01:10:25.738,1.12961,1.1293499999999999,1700,900
24.06.2024 01:10:26.749,1.1295800000000003,1.1294,1300,1000
24.06.2024 01:10:28.207,1.12965,1.12947,1000,1300
24.06.2024 01:10:28.309,1.12961,1.12947,1100,1100
24.06.2024 01:10:36.368,1.1297,1.12949,1400,1200
24.06.2024 01:10:49.211,1.12966,1.1294600000000001,1020.0001,1300
24.06.2024 01:10:58.334,1.1297,1.12952,1400,820.0001
24.06.2024 01:10:58.687,1.12965,1.1295000000000002,1000,1120.0001
24.06.2024 01:11:05.883,1.1297000000000001,1.12949,1300,1400
24.06.2024 01:11:08.551,1.12966,1.12951,1200,1000
24.06.2024 01:11:08.956,1.12965,1.1295199999999999,1300,1500
24.06.2024 01:11:15.158,1.1296700000000002,1.1294700000000002,1200,820.0001
24.06.2024 01:11:15.510,1.12966,1.12951,1300,1320.0001
24.06.2024 01:11:15.966,1.1297100000000002,1.1295,1200,700
24.06.2024 01:11:20.095,1.1297000000000001,1.1294300000000002,1100,1320.0001
24.06.2024 01:11:38.518,1.1297000000000001,1.12941,1300,900
24.06.2024 01:11:38.569,1.1296,1.12939,1500,9989.9998
24.06.2024 01:11:47.332,1.12964,1.1294000000000002,1000,10189.9998
24.06.2024 01:11:49.446,1.12962,1.12948,800,1200
24.06.2024 01:11:49.548,1.1297000000000001,1.12937,9140.0002,9519.9999
24.06.2024 01:11:51.108,1.1297000000000001,1.1294300000000002,9120.0001,9119.9999
24.06.2024 01:11:53.019,1.12969,1.1294199999999999,10019.9997,9219.9999
24.06.2024 01:11:53.974,1.12974,1.12946,10019.9997,8619.9999
24.06.2024 01:11:54.329,1.1296599999999999,1.12945,9220.0001,8719.9999
24.06.2024 01:11:54.983,1.12971,1.1294000000000002,10619.9997,9519.9999
24.06.2024 01:11:56.993,1.12974,1.12947,10119.9997,8819.9999
24.06.2024 01:11:57.648,1.12971,1.12943,9820.0001,8719.9999
24.06.2024 01:12:00.769,1.12971,1.12948,9400,1220.0001
24.06.2024 01:12:00.971,1.1298,1.1294700000000002,1920,8900
24.06.2024 01:12:01.225,1.1297300000000001,1.12951,940,9090.0002
24.06.2024 01:12:01.485,1.1297500000000003,1.1294499999999998,1820,8919.9999
24.06.2024 01:12:03.149,1.12976,1.12947,1820,8719.9999
24.06.2024 01:12:04.963,1.12979,1.12948,1320,9219.9999
24.06.2024 01:12:05.266,1.1298000000000001,1.12955,1220,9300
24.06.2024 01:12:05.470,1.1298100000000002,1.12953,2120,9190.0002
24.06.2024 01:12:08.387,1.1297400000000002,1.1294499999999998,1420.0001,9319.9999
24.06.2024 01:12:08.792,1.1298,1.12954,1720.0001,9319.9999
24.06.2024 01:12:09.045,1.1298,1.12946,1420.0001,9319.9999
24.06.2024 01:12:09.347,1.12976,1.12948,1220.0001,9619.9999
24.06.2024 01:12:11.211,1.1298300000000001,1.12948,1520.0001,9219.9999
24.06.2024 01:12:11.714,1.1297700000000002,1.12955,920.0001,9119.9999
24.06.2024 01:12:16.237,1.12979,1.12953,1420.0001,9920.0001
24.06.2024 01:12:17.344,1.12974,1.12944,1420.0001,9320.0001
24.06.2024 01:12:18.250,1.1298000000000001,1.12951,820.0001,9540.0002
24.06.2024 01:12:18.704,1.1297800000000002,1.12954,1520,9390.0002
24.06.2024 01:12:18.957,1.12979,1.12955,1620,8819.9999
24.06.2024 01:12:20.420,1.1297400000000002,1.12947,1540,9019.9999
24.06.2024 01:12:21.678,1.12975,1.12947,1840.0001000000002,8719.9999
24.06.2024 01:12:22.032,1.12975,1.12953,1840.0001000000002,8800
24.06.2024 01:12:22.285,1.12972,1.1295,2340.0001,8690.0002
24.06.2024 01:12:23.444,1.1297700000000002,1.1294600000000001,2140.0001,9119.9999
24.06.2024 01:12:23.999,1.12975,1.1295300000000001,1620.0001,9340.0002
24.06.2024 01:12:25.160,1.12976,1.1295,8690.0002,9520.0001
24.06.2024 01:12:25.969,1.1297599999999999,1.12959,1620.0001,9219.9999
24.06.2024 01:12:26.070,1.12982,1.12959,920.0001,9119.9999
24.06.2024 01:12:29.799,1.12983,1.12958,11320.0003,8790.0002
24.06.2024 01:12:34.202,1.12984,1.1294799999999998,9939.9998,9740.0002
24.06.2024 01:12:35.110,1.1297700000000002,1.12951,9520.0001,8619.9999
24.06.2024 01:12:39.744,1.12978,1.12948,10719.9997,8819.9999
24.06.2024 01:12:44.729,1.1297500000000003,1.12951,1220.0001,9119.9999
24.06.2024 01:12:45.133,1.1297700000000002,1.1295600000000001,10419.9997,8919.9999
24.06.2024 01:12:45.537,1.12973,1.12949,1720.0001,9290.0002
24.06.2024 01:12:47.249,1.12979,1.12948,1040,9590.0002
24.06.2024 01:12:47.804,1.12982,1.12949,9640.0002,8840.0002
24.06.2024 01:12:47.905,1.12978,1.12955,9390.0002,1920
24.06.2024 01:12:49.167,1.1298199999999998,1.1296000000000002,2020,8819.9999
24.06.2024 01:12:51.987,1.1297799999999998,1.12958,1620,9519.9999
24.06.2024 01:12:52.240,1.12981,1.12952,1720,9219.9999
24.06.2024 01:12:53.751,1.1298499999999998,1.1296000000000002,1220,9119.9999
24.06.2024 01:12:54.004,1.12983,1.1295300000000001,10819.9997,9519.9999
24.06.2024 01:12:54.660,1.1297799999999998,1.12955,10519.9997,9090.0002
24.06.2024 01:12:56.624,1.1297899999999998,1.12955,10219.9997,8619.9999
24.06.2024 01:12:58.486,1.1298300000000001,1.12951,2020,8690.0002
24.06.2024 01:13:01.005,1.12981,1.12959,1320,9419.9999
24.06.2024 01:13:04.728,1.12984,1.12958,9419.9999,920.0001
24.06.2024 01:13:04.830,1.12989,1.12962,12539.9998,1420.0001
24.06.2024 01:13:05.084,1.12988,1.12961,1100,8919.9999
24.06.2024 01:13:05.185,1.12984,1.1296300000000001,940,10120.0005
24.06.2024 01:13:05.791,1.1299000000000001,1.1296199999999998,1720.0001,9419.9999
24.06.2024 01:13:07.425,1.12991,1.1296599999999999,2120,9019.9999
24.06.2024 01:13:07.932,1.1298800000000002,1.12966,1340,9319.9999
24.06.2024 01:13:10.096,1.12991,1.12967,1240,8919.9999
24.06.2024 01:13:10.953,1.1299000000000001,1.1296199999999998,1820.0001,8840.0002
24.06.2024 01:13:11.409,1.12985,1.1296400000000002,1100,9519.9999
24.06.2024 01:13:14.132,1.1298400000000002,1.12962,1620.0001,9839.9998
24.06.2024 01:13:14.536,1.1297899999999998,1.12958,1420.0001,9519.9999
24.06.2024 01:13:20.221,1.12983,1.1295700000000002,920.0001,9419.9999
24.06.2024 01:13:20.323,1.12981,1.1295600000000001,1020.0001,9119.9999
24.06.2024 01:13:21.381,1.1298,1.12959,1820.0001,9019.9999
24.06.2024 01:13:24.101,1.12981,1.12962,1520.0001,8719.9999
24.06.2024 01:13:24.807,1.1298199999999998,1.12958,1620.0001,9400
24.06.2024 01:13:24.959,1.1297899999999998,1.1295800000000003,1720.0001,8890.0002
24.06.2024 01:13:26.217,1.12985,1.12962,1820.0001,9519.9999
24.06.2024 01:13:27.073,1.12984,1.1296400000000002,1220.0001,8990.0002
24.06.2024 01:13:27.326,1.1298599999999999,1.12965,1720.0001,9300
24.06.2024 01:13:27.579,1.1297799999999998,1.1296100000000002,1220.0001,9390.0002
24.06.2024 01:13:30.247,1.12987,1.1296500000000003,1540,9319.9999
24.06.2024 01:13:37.588,1.1298599999999999,1.1296300000000001,1820,8590.0002
24.06.2024 01:13:38.144,1.1298499999999998,1.1295800000000003,1820,9019.9999
24.06.2024 01:13:39.908,1.12983,1.12959,1620,9090.0002
24.06.2024 01:13:41.015,1.12987,1.1296000000000002,1420,9090.0002
24.06.2024 01:13:43.548,1.12988,1.1296200000000003,1620,8819.9999
24.06.2024 01:13:47.768,1.12981,1.12959,2020,8719.9999
24.06.2024 01:13:48.070,1.12982,1.12954,1020.0001,10020.0005
24.06.2024 01:13:48.324,1.1298499999999998,1.1296100000000002,1020.0001,9920.0005
24.06.2024 01:13:48.780,1.12985,1.1295700000000002,1620,9119.9999
24.06.2024 01:13:51.501,1.12989,1.1295700000000002,1420,9319.9999
24.06.2024 01:13:51.603,1.12981,1.1295600000000001,940,8790.0002
24.06.2024 01:13:52.009,1.12987,1.1296000000000002,1220.0001,9219.9999
24.06.2024 01:13:52.060,1.12981,1.12955,1220.0001,9019.9999
24.06.2024 01:13:53.018,1.12984,1.12961,1000,9000
24.06.2024 01:13:53.069,1.12981,1.1296100000000002,1400,9220.0003
24.06.2024 01:13:53.574,1.12984,1.12958,1500,10489.9998
24.06.2024 01:13:53.725,1.12985,1.1295600000000001,1620.0001,8700
24.06.2024 01:13:53.777,1.12975,1.1295,900,9190.0002
24.06.2024 01:13:53.878,1.1297400000000002,1.12954,800,8590.0002
24.06.2024 01:13:55.138,1.12979,1.12957,1300,8500
24.06.2024 01:13:55.240,1.12972,1.1294899999999999,1120.0001,9000
24.06.2024 01:13:55.292,1.12975,1.12946,1220.0001,800
24.06.2024 01:13:55.797,1.12974,1.12947,1220.0001,8800
24.06.2024 01:13:55.950,1.12978,1.1295300000000001,1300,900
24.06.2024 01:13:56.000,1.12979,1.12959,10099.9996,1500
24.06.2024 01:13:56.455,1.12972,1.12952,1400,8900
24.06.2024 01:13:56.506,1.12974,1.1295199999999999,1700,8500
24.06.2024 01:13:56.811,1.12977,1.12949,800,1320.0001
24.06.2024 01:13:56.862,1.12975,1.12948,900,8700
24.06.2024 01:13:57.064,1.12976,1.1295199999999999,1600,9889.9998
24.06.2024 01:13:57.469,1.1297599999999999,1.12953,1820.0001,9400
24.06.2024 01:13:57.570,1.12977,1.12955,1620.0001,9290.0002
24.06.2024 01:13:57.824,1.1296800000000002,1.12945,1320.0001,8700
24.06.2024 01:13:58.026,1.12971,1.12948,1420.0001,1500
24.06.2024 01:13:58.178,1.12976,1.12952,1020.0001,1600
24.06.2024 01:13:58.885,1.12972,1.12948,1220.0001,9190.0002
24.06.2024 01:13:58.987,1.12971,1.12949,1220.0001,8800
24.06.2024 01:13:59.189,1.12968,1.12942,1320.0001,1600
24.06.2024 01:13:59.492,1.1296700000000002,1.12944,1420.0001,1000
24.06.2024 01:13:59.744,1.1296400000000002,1.12946,1420.0001,1400
24.06.2024 01:14:02.665,1.1297300000000001,1.12944,1620.0001,800
24.06.2024 01:14:04.784,1.12973,1.12944,9390.0002,1500
24.06.2024 01:14:05.038,1.1297700000000002,1.12954,1620.0001,1200
24.06.2024 01:14:05.089,1.1297400000000002,1.1295600000000001,800,1200
24.06.2024 01:14:07.891,1.12977,1.1295000000000002,1620.0001,1020.0001
24.06.2024 01:14:08.193,1.12979,1.12953,800,1320.0001
24.06.2024 01:14:08.597,1.12975,1.12951,1520.0001,1620.0001
24.06.2024 01:14:10.057,1.12972,1.12949,1720.0001,10039.9998
24.06.2024 01:14:10.515,1.12974,1.12946,1720.0001,1820.0001
24.06.2024 01:14:10.868,1.12977,1.12951,1720.0001,700
24.06.2024 01:14:11.070,1.12969,1.12949,1520.0001,1210
24.06.2024 01:14:11.524,1.12967,1.1295300000000001,1520.0001,1040
24.06.2024 01:14:11.727,1.12964,1.12945,1220.0001,8900
24.06.2024 01:14:11.828,1.12966,1.12944,1220.0001,900
24.06.2024 01:14:12.536,1.1296700000000002,1.12946,1120.0001,1000
24.06.2024 01:14:13.444,1.12962,1.1294000000000002,920.0001,900
24.06.2024 01:14:13.647,1.12964,1.12937,1320.0001,920.0001
24.06.2024 01:14:13.799,1.12966,1.12944,1020.0001,700
24.06.2024 01:14:14.253,1.1296000000000002,1.1293499999999999,1820.0001,1100
24.06.2024 01:14:14.355,1.12957,1.1293600000000001,1020.0001,1200
24.06.2024 01:14:15.260,1.12962,1.1294300000000002,1020.0001,1400
24.06.2024 01:14:15.864,1.12959,1.1294000000000002,1120.0001,700
24.06.2024 01:14:15.966,1.1295600000000001,1.1293800000000003,1220.0001,8600
24.06.2024 01:14:16.118,1.1296000000000002,1.1293600000000001,1720.0001,1420.0001
24.06.2024 01:14:16.220,1.1295500000000003,1.12934,1420.0001,1400
24.06.2024 01:14:16.624,1.12958,1.12933,1420.0001,1100
24.06.2024 01:14:16.725,1.1295800000000003,1.1293499999999999,1120.0001,900
24.06.2024 01:14:16.877,1.1296100000000002,1.12937,1300,1200
24.06.2024 01:14:17.230,1.1295600000000001,1.12932,1020.0001,1300
24.06.2024 01:14:20.448,1.1295400000000002,1.1294000000000002,1500,1020.0001
24.06.2024 01:14:21.154,1.12958,1.12938,1620.0001,900
24.06.2024 01:14:21.256,1.1295800000000003,1.1293400000000002,1520.0001,1020.0001
24.06.2024 01:14:21.458,1.12963,1.1294300000000002,1220.0001,1500
24.06.2024 01:14:21.509,1.1296499999999998,1.12939,8590.0002,700
24.06.2024 01:14:21.611,1.12965,1.12936,10289.9998,1320.0001
24.06.2024 01:14:22.016,1.12963,1.12936,1520.0001,1320.0001
24.06.2024 01:14:22.570,1.12968,1.1293600000000001,920.0001,1600
24.06.2024 01:14:22.824,1.12956,1.12941,900,1520.0001
24.06.2024 01:14:23.077,1.12962,1.12937,1520.0001,1720.0001
24.06.2024 01:14:23.431,1.12964,1.12945,1700,920.0001
24.06.2024 01:14:23.583,1.12963,1.12942,1200,1420.0001
24.06.2024 01:14:24.087,1.12965,1.12941,1000,920.0001
24.06.2024 01:14:24.338,1.12969,1.12938,1600,1620.0001
24.06.2024 01:14:25.199,1.12967,1.12938,1600,10220.0005
24.06.2024 01:14:25.502,1.1296,1.1294300000000002,1320.0001,1200
24.06.2024 01:14:26.157,1.12967,1.1293900000000001,820.0001,1120.0001
24.06.2024 01:14:26.259,1.12961,1.1294,820.0001,1520.0001
24.06.2024 01:14:26.360,1.1296,1.1294,1220.0001,920.0001
24.06.2024 01:14:27.517,1.12964,1.1294700000000002,1720.0001,1420.0001
24.06.2024 01:14:31.744,1.12961,1.12938,1220.0001,1320.0001
24.06.2024 01:14:32.350,1.1296,1.12943,920.0001,9699.9996
24.06.2024 01:14:32.451,1.12959,1.12941,1820.0001,1720.0001
24.06.2024 01:14:34.213,1.12964,1.12942,1620.0001,1600
24.06.2024 01:14:35.020,1.12967,1.12937,1520.0001,1300
24.06.2024 01:14:36.330,1.12965,1.1294600000000001,1620.0001,1020.0001
24.06.2024 01:14:38.191,1.12965,1.12937,1020.0001,1820.0001
24.06.2024 01:14:42.170,1.12966,1.1293900000000001,1440,9519.9999
24.06.2024 01:14:43.329,1.12969,1.12937,1440,9619.9999
24.06.2024 01:14:43.633,1.1297000000000001,1.1294700000000002,1140,8919.9999
24.06.2024 01:14:44.790,1.1296700000000002,1.12937,9420.0001,9219.9999
24.06.2024 01:14:45.497,1.1297300000000001,1.12938,9820.0001,9319.9999
24.06.2024 01:14:50.173,1.12974,1.1294199999999999,9819.9997,9019.9999
24.06.2024 01:14:52.638,1.12968,1.12942,10419.9997,9519.9999
24.06.2024 01:14:56.213,1.12975,1.12938,10599.9998,8700
24.06.2024 01:14:57.117,1.12971,1.12946,9799.9996,8720.0003
24.06.2024 01:14:57.370,1.1296599999999999,1.12942,1020,9500
24.06.2024 01:14:57.673,1.1297100000000002,1.1293900000000001,10119.9999,9000
24.06.2024 01:14:59.083,1.1297000000000001,1.12938,9300,8900
24.06.2024 01:14:59.592,1.12975,1.12944,10099.9998,9400
24.06.2024 01:14:59.845,1.12976,1.12941,1100,8800
24.06.2024 01:15:00.349,1.12974,1.12939,8500,9520.0003
24.06.2024 01:15:00.451,1.12977,1.12947,9120.0003,9000
24.06.2024 01:15:00.653,1.12967,1.1294300000000002,1600,9100
24.06.2024 01:15:00.906,1.1297100000000002,1.12944,1200,8700
24.06.2024 01:15:01.462,1.12966,1.12936,900,9000
24.06.2024 01:15:01.714,1.12962,1.12943,800,9400
24.06.2024 01:15:02.017,1.1297,1.12944,1320,9500
24.06.2024 01:15:02.772,1.1297000000000001,1.1293900000000001,1500,8900
24.06.2024 01:15:03.075,1.1296300000000001,1.12942,1020,8700
24.06.2024 01:15:04.029,1.12965,1.12936,800,9200
24.06.2024 01:15:04.131,1.1296800000000002,1.1293700000000002,1200,8800
24.06.2024 01:15:04.232,1.1297100000000002,1.12941,1120.0001,9090.0002
24.06.2024 01:15:05.037,1.1297100000000002,1.12944,1640,9200
24.06.2024 01:15:05.139,1.12968,1.12944,1620.0001,8810.0004
24.06.2024 01:15:05.442,1.1297000000000001,1.12943,920.0001,9420.0003
24.06.2024 01:15:05.797,1.1297300000000001,1.12936,1420.0001,8940.0002
24.06.2024 01:15:06.201,1.1297200000000003,1.12942,1420.0001,9040.0002
24.06.2024 01:15:06.505,1.1296500000000003,1.1293800000000003,9839.9998,9840.0002
24.06.2024 01:15:07.512,1.1296500000000003,1.1294000000000002,10639.9998,9640.0002
24.06.2024 01:15:07.613,1.12969,1.1293700000000002,9739.9998,9440.0002
24.06.2024 01:15:07.965,1.1296300000000001,1.1293500000000003,10639.9998,9140.0002
24.06.2024 01:15:08.670,1.12965,1.12934,10719.9997,9519.9999
24.06.2024 01:15:09.930,1.1296300000000001,1.1293600000000001,10619.9997,9090.0002
24.06.2024 01:15:09.981,1.12963,1.1293700000000002,1720,9000
24.06.2024 01:15:10.186,1.12959,1.12937,1720,9300
24.06.2024 01:15:10.237,1.1295600000000001,1.1292900000000001,9620.0001,8500
24.06.2024 01:15:10.441,1.1295700000000002,1.1293000000000002,10039.9998,8700
24.06.2024 01:15:10.694,1.12954,1.1293499999999999,1320.0001,9000
24.06.2024 01:15:10.947,1.1296100000000002,1.12937,1220.0001,8900
24.06.2024 01:15:11.049,1.1295800000000003,1.12937,1020.0001,9500
24.06.2024 01:15:11.705,1.12964,1.12933,1440,8700
24.06.2024 01:15:12.007,1.12959,1.1293,1140,8800
24.06.2024 01:15:12.563,1.1296300000000001,1.12931,1040,8900
24.06.2024 01:15:13.017,1.1295800000000003,1.12938,1740,9300
24.06.2024 01:15:13.521,1.12962,1.12936,740,8800
24.06.2024 01:15:13.773,1.12962,1.1293600000000001,940,8600
24.06.2024 01:15:14.780,1.12965,1.1293600000000001,740,9200
24.06.2024 01:15:15.034,1.1295300000000001,1.1293,1420,9000
24.06.2024 01:15:15.388,1.1295700000000002,1.1293600000000001,2120,8800
24.06.2024 01:15:15.540,1.1296,1.12931,1720,8700
24.06.2024 01:15:16.045,1.1296000000000002,1.12936,1020.0001,9200
24.06.2024 01:15:16.929,1.1296100000000002,1.1293300000000002,840,9200
24.06.2024 01:15:17.435,1.12955,1.12929,1520.0001,9200
24.06.2024 01:15:17.688,1.1295800000000003,1.12929,1720.0001,9200
24.06.2024 01:15:18.341,1.12959,1.12933,1320,9100
24.06.2024 01:15:18.444,1.12962,1.1292600000000002,2220,9090.0002
24.06.2024 01:15:18.950,1.1295500000000003,1.12928,2420,9400
24.06.2024 01:15:19.052,1.1295700000000002,1.12935,2220,9490.0002
24.06.2024 01:15:19.459,1.12958,1.12928,1520,9220.0003
24.06.2024 01:15:19.711,1.12957,1.12928,1120.0001,8800
24.06.2024 01:15:19.963,1.12961,1.12929,820.0001,9100
24.06.2024 01:15:20.316,1.1295499999999998,1.12936,1520.0001,9000
24.06.2024 01:15:20.468,1.12958,1.12928,1620.0001,10040.0002
24.06.2024 01:15:20.570,1.12956,1.1292300000000002,1420.0001,8700
24.06.2024 01:15:20.722,1.12957,1.1292400000000002,1220.0001,9520.0003
24.06.2024 01:15:21.729,1.12958,1.1293100000000003,8919.9999,1720.0001
24.06.2024 01:15:21.780,1.12957,1.1293,8819.9999,700
24.06.2024 01:15:22.786,1.12955,1.1293200000000003,1620.0001,9000
24.06.2024 01:15:22.888,1.12957,1.1293300000000002,1320.0001,9200
24.06.2024 01:15:23.091,1.1295300000000001,1.12925,1220.0001,9400
24.06.2024 01:15:23.645,1.1295300000000001,1.12923,12189.9998,1100
24.06.2024 01:15:23.695,1.12951,1.1292700000000002,10039.9998,1520.0001
24.06.2024 01:15:24.301,1.1295600000000001,1.12931,9519.9999,820.0001
24.06.2024 01:15:24.504,1.1295400000000002,1.1292900000000001,9019.9999,1620
24.06.2024 01:15:25.817,1.1295600000000001,1.12932,1620,9020.0003
24.06.2024 01:15:27.176,1.1295300000000001,1.12928,1220.0001,1200
24.06.2024 01:15:27.277,1.1295300000000001,1.12928,1220.0001,10019.9999
24.06.2024 01:15:27.328,1.1295300000000001,1.12929,1120.0001,800
24.06.2024 01:15:27.379,1.12959,1.12933,1720,9819.9999
24.06.2024 01:15:27.480,1.1295400000000002,1.12927,1820,8800
24.06.2024 01:15:27.682,1.12959,1.12928,2320,10219.9999
24.06.2024 01:15:28.237,1.1295800000000003,1.12928,2220,9819.9999
24.06.2024 01:15:28.438,1.12955,1.1293499999999999,1720.0001,1400
24.06.2024 01:15:28.490,1.12958,1.12934,1220.0001,1420.0001
24.06.2024 01:15:28.591,1.12954,1.1293,1320.0001,1020.0001
24.06.2024 01:15:28.945,1.12954,1.12935,1320.0001,8800
24.06.2024 01:15:29.096,1.12962,1.12934,1720.0001,9119.9999
24.06.2024 01:15:29.148,1.12959,1.12938,1620,820.0001
24.06.2024 01:15:29.199,1.12955,1.1293,1300,1720.0001
24.06.2024 01:15:29.351,1.1296000000000002,1.12938,1300,9200
24.06.2024 01:15:29.453,1.12959,1.1293600000000001,800,9490.0002
24.06.2024 01:15:29.957,1.12956,1.12927,1400,8700
24.06.2024 01:15:30.212,1.12958,1.1292900000000001,900,9589.9998
24.06.2024 01:15:31.268,1.12958,1.12932,900,800
24.06.2024 01:15:31.572,1.12949,1.1292600000000002,800,9499.9996
24.06.2024 01:15:32.177,1.1295600000000001,1.12921,1720.0001,1200
24.06.2024 01:15:32.481,1.1294899999999999,1.1292600000000002,10439.9998,1500
24.06.2024 01:15:32.785,1.12955,1.12928,9820.0001,1100
24.06.2024 01:15:32.837,1.12955,1.1293000000000002,1040,1400
24.06.2024 01:15:34.557,1.12946,1.12925,1320.0001,1400
24.06.2024 01:15:35.062,1.12946,1.1292900000000001,10320.0005,1620.0001
24.06.2024 01:15:35.164,1.1294700000000002,1.12918,1820.0001,10420.0005
24.06.2024 01:15:35.215,1.12945,1.12924,1820.0001,9599.9996
24.06.2024 01:15:35.519,1.1295100000000002,1.1292,9619.9999,900
24.06.2024 01:15:35.772,1.12945,1.1292900000000001,1620.0001,1500
24.06.2024 01:15:36.024,1.1295300000000001,1.12921,1720.0001,1500
24.06.2024 01:15:36.126,1.1295300000000001,1.12926,1720.0001,1500
24.06.2024 01:15:36.481,1.12944,1.12927,1520.0001,1820.0001
24.06.2024 01:15:36.884,1.12945,1.12924,920.0001,1320.0001
24.06.2024 01:15:37.288,1.12947,1.12921,1120.0001,1020.0001
24.06.2024 01:15:37.542,1.12945,1.1292600000000002,10020.0005,1000
24.06.2024 01:15:37.845,1.1294600000000001,1.1292600000000002,10420.0005,900
24.06.2024 01:15:38.299,1.12945,1.12925,1020.0001,1020.0001
24.06.2024 01:15:38.401,1.12943,1.1292,1420.0001,1020.0001
24.06.2024 01:15:39.811,1.12945,1.1291600000000002,9019.9999,9619.9999
24.06.2024 01:15:40.618,1.12949,1.1291500000000003,8719.9999,9319.9999
24.06.2024 01:15:41.476,1.1295100000000002,1.12918,9519.9999,9419.9999
24.06.2024 01:15:41.578,1.1294300000000002,1.1291200000000001,9519.9999,8719.9999
24.06.2024 01:15:41.629,1.12949,1.12916,1720.0001,9419.9999
24.06.2024 01:15:41.933,1.1294300000000002,1.12924,840,9519.9999
24.06.2024 01:15:42.135,1.1294700000000002,1.12923,9839.9998,9000
24.06.2024 01:15:42.237,1.1294500000000003,1.12916,9620.0005,8819.9999
24.06.2024 01:15:42.389,1.12949,1.12918,9500,11240.0003
24.06.2024 01:15:42.440,1.12945,1.12915,8800,10740.0003
24.06.2024 01:15:42.491,1.12948,1.12913,9119.9999,11120.0001
24.06.2024 01:15:42.895,1.12954,1.12925,9240.0002,8900
24.06.2024 01:15:42.946,1.12946,1.1292300000000002,9140.0002,9190.0002
24.06.2024 01:15:43.249,1.12946,1.12918,9219.9999,9019.9999
24.06.2024 01:15:43.652,1.1295,1.1292300000000002,8990.0002,9319.9999
24.06.2024 01:15:43.956,1.12948,1.1292200000000001,8990.0002,9119.9999
24.06.2024 01:15:44.108,1.12952,1.12922,9619.9999,9619.9999
24.06.2024 01:15:44.916,1.12952,1.12925,9419.9999,8919.9999
24.06.2024 01:15:45.018,1.1295300000000001,1.12921,9490.0002,8819.9999
24.06.2024 01:15:45.421,1.12948,1.1292000000000002,9000,10020.0005
24.06.2024 01:15:45.522,1.12948,1.1291900000000001,9200,9620.0005
24.06.2024 01:15:45.674,1.1295000000000002,1.12923,9119.9999,9419.9999
24.06.2024 01:15:46.279,1.1295700000000002,1.12921,9519.9999,8819.9999
24.06.2024 01:15:46.833,1.1295300000000001,1.1292300000000002,9390.0002,8819.9999
24.06.2024 01:15:48.646,1.12954,1.1292499999999999,9319.9999,9119.9999
24.06.2024 01:15:49.706,1.1295300000000001,1.12921,9019.9999,9520.0001
24.06.2024 01:15:50.664,1.12947,1.1292600000000002,9019.9999,10319.9997
24.06.2024 01:15:54.345,1.1295,1.12927,9419.9999,9720.0001
24.06.2024 01:15:55.203,1.12957,1.1291799999999999,9519.9999,10619.9997
24.06.2024 01:15:56.766,1.1295,1.1292499999999999,8919.9999,9919.9997
24.06.2024 01:15:57.774,1.12955,1.12923,10119.9997,9119.9999
24.06.2024 01:15:57.875,1.12947,1.12926,10519.9997,9119.9999
24.06.2024 01:16:04.970,1.12947,1.1291900000000001,9520.0005,9240.0002
24.06.2024 01:16:05.324,1.1295400000000002,1.1292,9519.9999,9220.0001
24.06.2024 01:16:06.382,1.1295300000000001,1.1292,8619.9999,9720.0001
24.06.2024 01:16:08.046,1.12949,1.1292200000000001,8919.9999,1140
24.06.2024 01:16:08.752,1.12954,1.12922,9640.0002,8719.9999
24.06.2024 01:16:09.106,1.1295,1.12918,9740.0002,8919.9999
24.06.2024 01:16:09.862,1.12952,1.12919,9419.9999,10539.9998
24.06.2024 01:16:10.771,1.1294600000000001,1.1292200000000001,9019.9999,1420.0001
24.06.2024 01:16:11.679,1.12951,1.12921,8919.9999,1220.0001
24.06.2024 01:16:11.982,1.12949,1.12921,9019.9999,1720.0001
24.06.2024 01:16:13.897,1.12952,1.1292,9839.9998,10439.9998
24.06.2024 01:16:14.300,1.12943,1.1292200000000001,9019.9999,1540
24.06.2024 01:16:16.220,1.12946,1.12923,10639.9998,10539.9998
24.06.2024 01:16:17.378,1.1295,1.1291900000000001,8819.9999,1340
24.06.2024 01:16:18.032,1.12943,1.12917,9219.9999,1440
24.06.2024 01:16:19.140,1.12945,1.12916,9319.9999,1740
24.06.2024 01:16:25.839,1.1294300000000002,1.12917,10319.9997,1420.0001
24.06.2024 01:16:26.092,1.12948,1.1292200000000001,1520.0001,8719.9999
24.06.2024 01:16:26.398,1.1294700000000002,1.1292,10519.9997,1420.0001
24.06.2024 01:16:27.407,1.1294700000000002,1.1291400000000003,10219.9997,1920
24.06.2024 01:16:29.730,1.12941,1.1291799999999999,1320.0001,1720.0001
24.06.2024 01:16:30.085,1.1294499999999998,1.1291900000000001,1620.0001,9319.9999
24.06.2024 01:16:30.237,1.1294000000000002,1.1291300000000002,1620,9200
24.06.2024 01:16:30.338,1.12938,1.12918,10019.9997,1500
24.06.2024 01:16:31.700,1.1294000000000002,1.1292000000000002,1420,920.0001
24.06.2024 01:16:31.953,1.1294499999999998,1.1291900000000001,2020,1320.0001
24.06.2024 01:16:34.468,1.12944,1.12909,1040,10220.0005
24.06.2024 01:16:44.631,1.12945,1.1291499999999999,1740,10739.9998
24.06.2024 01:16:45.035,1.12937,1.1291,1240,10039.9998
24.06.2024 01:16:46.245,1.12938,1.1291000000000002,1020.0001,8719.9999
24.06.2024 01:16:46.296,1.12935,1.12908,1920,9200
24.06.2024 01:16:46.347,1.12941,1.12913,1520,1010
24.06.2024 01:16:46.449,1.12932,1.12914,840,9989.9998
24.06.2024 01:16:46.651,1.1294000000000002,1.1291,1640,1120.0001
24.06.2024 01:16:47.358,1.1294100000000002,1.1290799999999999,1140,1720.0001
24.06.2024 01:16:47.409,1.1293600000000001,1.1291099999999998,740,800
24.06.2024 01:16:47.662,1.1293,1.12908,1520.0001,9699.9996
24.06.2024 01:16:48.219,1.12938,1.1290499999999999,1440,1600
24.06.2024 01:16:49.378,1.12934,1.12907,840,1300
24.06.2024 01:16:50.539,1.1293199999999999,1.12905,820.0001,10299.9996
24.06.2024 01:16:50.640,1.12933,1.1290600000000002,1220.0001,9720.0005
24.06.2024 01:16:51.699,1.1293400000000002,1.12918,9300,1420.0001
24.06.2024 01:16:51.750,1.12945,1.12916,1620.0001,920.0001
24.06.2024 01:16:53.815,1.12942,1.12915,1720.0001,10019.9997
24.06.2024 01:16:57.541,1.1293600000000001,1.12915,1220.0001,9920.0005
24.06.2024 01:17:00.057,1.1294200000000003,1.1291,920.0001,1420.0001
24.06.2024 01:17:00.360,1.1294000000000002,1.12911,1720.0001,1320.0001
24.06.2024 01:17:00.815,1.1293600000000001,1.12915,1620.0001,1420.0001
24.06.2024 01:17:05.661,1.12937,1.12913,920.0001,1520.0001
24.06.2024 01:17:05.763,1.12936,1.12915,1400,1020.0001
24.06.2024 01:17:06.069,1.1293300000000002,1.12914,1620.0001,1700
24.06.2024 01:17:06.120,1.1294100000000002,1.1291200000000001,1020.0001,1600
24.06.2024 01:17:06.525,1.1294000000000002,1.12912,1220.0001,920.0001
24.06.2024 01:17:06.727,1.12937,1.12911,1200,8819.9999
24.06.2024 01:17:06.778,1.1293,1.12912,1320.0001,1220.0001
24.06.2024 01:17:07.132,1.12937,1.12907,1020.0001,1600
24.06.2024 01:17:09.550,1.12927,1.1290900000000001,820.0001,11020.0001
24.06.2024 01:17:10.257,1.1293300000000002,1.12904,9319.9999,9040.0002
24.06.2024 01:17:10.510,1.12929,1.12905,9740.0002,9419.9999
24.06.2024 01:17:10.612,1.12935,1.12899,8940.0002,9500
24.06.2024 01:17:10.713,1.12928,1.12905,8719.9999,10090
24.06.2024 01:17:11.620,1.12932,1.129,9619.9999,8940.0002
24.06.2024 01:17:11.722,1.12934,1.1290499999999999,9619.9999,9440.0002
24.06.2024 01:17:11.974,1.12937,1.12904,9140.0002,9419.9999
24.06.2024 01:17:13.130,1.12938,1.12907,9840.0002,8819.9999
24.06.2024 01:17:15.798,1.12932,1.129,9320.0001,8919.9999
24.06.2024 01:17:16.252,1.12935,1.12898,9520.0001,8819.9999
24.06.2024 01:17:18.465,1.12932,1.12896,9740.0002,8719.9999
24.06.2024 01:17:18.769,1.12926,1.129,9620.0001,9419.9999
24.06.2024 01:17:21.841,1.1293,1.1290499999999999,9820.0001,9219.9999
24.06.2024 01:17:22.197,1.1293000000000002,1.1290200000000001,8840.0002,9540.0002
24.06.2024 01:17:22.449,1.1292900000000001,1.12903,9340.0002,8840.0002
24.06.2024 01:17:23.457,1.1293,1.12904,8900,940
24.06.2024 01:17:23.610,1.12934,1.1289900000000002,9419.9999,9220.0001
24.06.2024 01:17:24.014,1.1293700000000002,1.1290900000000001,10719.9997,9400
24.06.2024 01:17:24.115,1.12932,1.1289900000000002,9019.9999,1520.0001
