Gmt time,Ask,Bid,AskVolume,BidVolume
24.06.2024 00:00:01.245,20.48909,20.48706,700,900
24.06.2024 00:00:02.348,20.48911,20.487170000000003,500,800
24.06.2024 00:00:03.501,20.489169999999998,20.48702,1000,800
24.06.2024 00:00:04.804,20.4891,20.48695,500,1200
24.06.2024 00:00:05.857,20.48912,20.486990000000002,1200,1300
24.06.2024 00:00:08.162,20.489090000000004,20.4872,600,700
24.06.2024 00:00:09.415,20.48916,20.487190000000002,900,1200
24.06.2024 00:00:11.218,20.48952,20.487190000000002,900,800
24.06.2024 00:00:11.269,20.49013,20.48853,600,1100
24.06.2024 00:00:11.320,20.49089,20.488480000000003,1100,900
24.06.2024 00:00:12.273,20.49103,20.488770000000002,700,700
24.06.2024 00:00:12.930,20.49021,20.4878,1200,1300
24.06.2024 00:00:12.982,20.49017,20.48777,1100,600
24.06.2024 00:00:14.086,20.48983,20.48766,500,1000
24.06.2024 00:00:15.940,20.49012,20.48833,500,600
24.06.2024 00:00:17.194,20.49013,20.488410000000002,1400,800
24.06.2024 00:00:19.198,20.491170000000004,20.488480000000003,1400,800
24.06.2024 00:00:19.399,20.49073,20.48854,1000,700
24.06.2024 00:00:21.906,20.49141,20.488930000000003,900,1100
24.06.2024 00:00:23.160,20.492620000000002,20.49057,700,500
24.06.2024 00:00:23.311,20.492120000000003,20.48979,500,600
24.06.2024 00:00:23.863,20.49154,20.48907,600,700
24.06.2024 00:00:23.913,20.49107,20.48911,700,700
24.06.2024 00:00:24.415,20.49087,20.488660000000003,800,1300
24.06.2024 00:00:25.869,20.49103,20.488719999999997,700,800
24.06.2024 00:00:26.271,20.49037,20.48821,900,800
24.06.2024 00:00:26.372,20.49012,20.48819,600,700
24.06.2024 00:00:27.536,20.4901,20.48778,900,1000
24.06.2024 00:00:29.993,20.49013,20.487840000000002,500,1100
24.06.2024 00:00:30.695,20.4902,20.48781,1300,800
24.06.2024 00:00:30.996,20.490270000000002,20.488030000000002,700,1100
24.06.2024 00:00:31.999,20.49094,20.4888,900,600
24.06.2024 00:00:33.104,20.49109,20.488720000000004,700,500
24.06.2024 00:00:33.355,20.49114,20.488730000000004,900,1300
24.06.2024 00:00:34.309,20.491329999999998,20.48889,800,700
24.06.2024 00:00:35.312,20.4911,20.488979999999998,1200,1300
24.06.2024 00:00:37.416,20.49098,20.48876,1100,600
24.06.2024 00:00:38.671,20.491020000000002,20.488710000000005,500,700
24.06.2024 00:00:38.772,20.49013,20.488069999999997,600,1300
24.06.2024 00:00:40.076,20.4901,20.487750000000002,1000,1000
24.06.2024 00:00:42.333,20.49012,20.48776,600,1300
24.06.2024 00:00:43.136,20.490620000000003,20.488610000000005,1200,500
24.06.2024 00:00:44.490,20.49134,20.488680000000002,700,600
24.06.2024 00:00:44.691,20.491159999999997,20.48868,1200,800
24.06.2024 00:00:45.042,20.49134,20.4887,1200,1300
24.06.2024 00:00:45.744,20.491080000000004,20.48884,1100,600
24.06.2024 00:00:46.897,20.49129,20.488910000000004,800,800
24.06.2024 00:00:48.200,20.49124,20.48884,1100,700
24.06.2024 00:00:49.504,20.491149999999998,20.488780000000002,1000,800
24.06.2024 00:00:50.708,20.491139999999998,20.48865,800,900
24.06.2024 00:00:52.012,20.49126,20.488630000000004,900,800
24.06.2024 00:00:53.265,20.49156,20.48907,1200,800
24.06.2024 00:00:54.420,20.49193,20.48853,1200,1000
24.06.2024 00:00:55.573,20.49156,20.489120000000003,1300,1100
24.06.2024 00:00:56.576,20.491529999999997,20.488970000000002,700,1400
24.06.2024 00:00:57.729,20.491390000000003,20.48886,1400,500
24.06.2024 00:00:58.631,20.491130000000002,20.48887,1200,1400
24.06.2024 00:00:59.083,20.491139999999998,20.488690000000002,1100,600
24.06.2024 00:01:00.136,20.491130000000002,20.48853,1000,700
24.06.2024 00:01:01.089,20.491660000000003,20.48858,1000,1200
24.06.2024 00:01:01.590,20.49143,20.48884,700,1100
24.06.2024 00:01:02.961,20.49137,20.489140000000003,1200,400
24.06.2024 00:01:03.062,20.491130000000002,20.48914,1000,500
24.06.2024 00:01:03.714,20.49138,20.489150000000002,600,500
24.06.2024 00:01:04.266,20.49165,20.489150000000002,1000,1300
24.06.2024 00:01:05.319,20.49149,20.48887,400,900
24.06.2024 00:01:06.323,20.49146,20.48939,600,1400
24.06.2024 00:01:07.327,20.491989999999998,20.48936,600,1200
24.06.2024 00:01:08.431,20.491600000000002,20.489330000000002,700,500
24.06.2024 00:01:09.534,20.491899999999998,20.4894,800,600
24.06.2024 00:01:10.035,20.49115,20.48942,600,600
24.06.2024 00:01:10.136,20.4911,20.48881,800,1400
24.06.2024 00:01:12.491,20.491149999999998,20.48877,600,600
24.06.2024 00:01:13.596,20.49112,20.48854,900,500
24.06.2024 00:01:14.699,20.491120000000002,20.48865,800,500
24.06.2024 00:01:16.001,20.491070000000004,20.488650000000003,1400,900
24.06.2024 00:01:16.102,20.4905,20.48799,1200,900
24.06.2024 00:01:16.453,20.49109,20.48861,1100,400
24.06.2024 00:01:18.557,20.490810000000003,20.488680000000002,1300,500
24.06.2024 00:01:19.559,20.491,20.488560000000003,1200,700
24.06.2024 00:01:20.714,20.49068,20.488560000000003,800,500
24.06.2024 00:01:21.968,20.490840000000002,20.48873,1000,400
24.06.2024 00:01:23.622,20.490680000000005,20.48854,1100,1000
24.06.2024 00:01:24.625,20.491120000000002,20.48873,1000,900
24.06.2024 00:01:25.177,20.4915,20.48943,800,500
24.06.2024 00:01:26.479,20.491310000000002,20.48924,800,900
24.06.2024 00:01:26.630,20.491110000000003,20.48919,1400,800
24.06.2024 00:01:27.582,20.490440000000003,20.4884,900,800
24.06.2024 00:01:27.884,20.490090000000002,20.48845,900,900
24.06.2024 00:01:28.786,20.49015,20.48805,500,1000
24.06.2024 00:01:30.138,20.49021,20.48809,400,600
24.06.2024 00:01:30.991,20.49012,20.488030000000002,1200,1000
24.06.2024 00:01:31.142,20.490090000000002,20.488220000000002,1100,900
24.06.2024 00:01:32.194,20.49017,20.487930000000002,1100,700
24.06.2024 00:01:32.545,20.49023,20.48795,1200,800
24.06.2024 00:01:33.246,20.490460000000002,20.48813,1300,1200
24.06.2024 00:01:34.198,20.490180000000002,20.48805,1200,1300
24.06.2024 00:01:34.699,20.49012,20.48773,1300,500
24.06.2024 00:01:35.812,20.4901,20.4881,900,1000
24.06.2024 00:01:37.117,20.49014,20.48807,700,700
24.06.2024 00:01:37.771,20.490370000000002,20.488010000000003,1300,800
24.06.2024 00:01:38.172,20.490630000000003,20.4878,400,800
24.06.2024 00:01:39.174,20.49013,20.487750000000002,500,1300
24.06.2024 00:01:39.526,20.4901,20.487650000000002,1200,500
24.06.2024 00:01:42.030,20.489990000000002,20.48768,1100,1100
24.06.2024 00:01:43.082,20.490090000000002,20.48743,900,1100
24.06.2024 00:01:44.535,20.48986,20.48744,1200,1200
24.06.2024 00:01:45.937,20.48994,20.48732,500,1200
24.06.2024 00:01:48.294,20.489810000000002,20.48741,1400,800
24.06.2024 00:01:51.201,20.489130000000003,20.48745,1100,700
24.06.2024 00:01:51.302,20.488110000000002,20.4859,500,1300
24.06.2024 00:01:52.405,20.48815,20.485630000000004,600,500
24.06.2024 00:01:53.208,20.48716,20.485069999999997,700,900
24.06.2024 00:01:53.260,20.486790000000003,20.484230000000004,500,1300
24.06.2024 00:01:53.364,20.48608,20.48372,700,1200
24.06.2024 00:01:53.766,20.486060000000002,20.483909999999998,900,800
24.06.2024 00:01:54.669,20.486230000000003,20.483840000000004,1400,1700
24.06.2024 00:01:55.621,20.486169999999998,20.483870000000003,400,1600
24.06.2024 00:01:55.722,20.486150000000002,20.484,900,1000
24.06.2024 00:01:56.073,20.486549999999998,20.483980000000003,1300,900
24.06.2024 00:01:57.026,20.48616,20.48397,900,1200
24.06.2024 00:01:57.127,20.4851,20.483930000000004,1400,1000
24.06.2024 00:01:57.177,20.48516,20.483150000000002,700,600
24.06.2024 00:01:57.228,20.48497,20.482840000000003,600,500
24.06.2024 00:01:58.531,20.48402,20.4819,900,500
24.06.2024 00:01:58.733,20.483090000000004,20.48166,1100,700
24.06.2024 00:01:58.984,20.483170000000005,20.48089,500,700
24.06.2024 00:01:59.385,20.483439999999998,20.480830000000005,400,700
24.06.2024 00:01:59.937,20.483220000000003,20.480880000000003,1000,1900
24.06.2024 00:02:00.990,20.483340000000002,20.48089,1200,900
24.06.2024 00:02:02.143,20.48347,20.48086,1000,1600
24.06.2024 00:02:03.197,20.483430000000002,20.48092,800,900
24.06.2024 00:02:05.303,20.48346,20.4819,700,600
24.06.2024 00:02:05.554,20.48388,20.4829,500,800
24.06.2024 00:02:05.605,20.48393,20.481830000000002,1000,400
24.06.2024 00:02:05.655,20.482750000000003,20.480890000000002,600,500
24.06.2024 00:02:05.757,20.48205,20.48091,1400,700
24.06.2024 00:02:06.760,20.48187,20.48091,1000,1100
24.06.2024 00:02:06.911,20.48191,20.47991,1000,1000
24.06.2024 00:02:07.413,20.48113,20.479010000000002,900,1100
24.06.2024 00:02:07.865,20.48159,20.47892,1300,1000
24.06.2024 00:02:08.968,20.48148,20.479280000000003,900,400
24.06.2024 00:02:10.021,20.48213,20.47917,1300,600
24.06.2024 00:02:11.082,20.48169,20.47933,900,500
24.06.2024 00:02:12.084,20.48217,20.479190000000003,1100,1100
24.06.2024 00:02:13.853,20.48116,20.479190000000003,700,400
24.06.2024 00:02:14.406,20.481080000000002,20.478839999999998,700,400
24.06.2024 00:02:15.258,20.481250000000003,20.47879,1200,1300
24.06.2024 00:02:15.560,20.481320000000004,20.479000000000003,700,1000
24.06.2024 00:02:18.771,20.4811,20.479020000000002,1400,500
24.06.2024 00:02:19.122,20.481090000000002,20.4788,1000,1000
24.06.2024 00:02:19.623,20.4813,20.47876,900,400
24.06.2024 00:02:19.875,20.48117,20.47879,1100,1000
24.06.2024 00:02:19.976,20.480069999999998,20.47772,1100,1300
24.06.2024 00:02:21.033,20.48007,20.47753,900,400
24.06.2024 00:02:21.084,20.47885,20.47623,900,900
24.06.2024 00:02:22.288,20.47813,20.47584,900,500
24.06.2024 00:02:22.539,20.477090000000004,20.475869999999997,1300,1000
24.06.2024 00:02:22.589,20.47715,20.47495,1100,900
24.06.2024 00:02:22.891,20.476740000000003,20.47437,1200,800
24.06.2024 00:02:22.942,20.476080000000003,20.472970000000004,900,900
24.06.2024 00:02:23.696,20.47616,20.47424,1300,1300
24.06.2024 00:02:25.300,20.477159999999998,20.4743,1100,900
24.06.2024 00:02:25.351,20.477490000000003,20.4759,900,1000
24.06.2024 00:02:25.503,20.47715,20.47486,1000,500
24.06.2024 00:02:26.305,20.477220000000003,20.474840000000004,1000,1100
24.06.2024 00:02:26.556,20.477300000000003,20.47485,1100,1000
24.06.2024 00:02:27.008,20.477310000000003,20.47589,400,600
24.06.2024 00:02:27.910,20.47762,20.47591,1200,900
24.06.2024 00:02:28.663,20.47794,20.4769,1300,500
24.06.2024 00:02:29.717,20.478460000000002,20.476840000000003,900,700
24.06.2024 00:02:30.870,20.478980000000004,20.4769,800,1100
24.06.2024 00:02:31.372,20.47896,20.477899999999998,500,600
24.06.2024 00:02:31.423,20.479570000000002,20.477899999999998,400,1100
24.06.2024 00:02:32.526,20.48009,20.47788,1300,1200
24.06.2024 00:02:32.628,20.48012,20.477610000000002,1300,600
24.06.2024 00:02:33.631,20.47985,20.477480000000003,700,600
24.06.2024 00:02:34.684,20.47979,20.47737,1100,1100
24.06.2024 00:02:35.136,20.47812,20.476420000000005,600,1200
24.06.2024 00:02:36.239,20.47811,20.47585,600,1300
24.06.2024 00:02:37.492,20.4782,20.47581,700,1000
24.06.2024 00:02:37.543,20.47871,20.47576,1100,700
24.06.2024 00:02:37.644,20.47795,20.47502,900,500
24.06.2024 00:02:38.245,20.47729,20.474170000000004,1000,1200
24.06.2024 00:02:39.298,20.47739,20.47445,1100,400
24.06.2024 00:02:40.401,20.47753,20.474960000000003,1100,900
24.06.2024 00:02:41.454,20.47739,20.474290000000003,900,600
24.06.2024 00:02:43.641,20.47735,20.474560000000004,900,700
24.06.2024 00:02:44.745,20.47739,20.474410000000002,700,1300
24.06.2024 00:02:45.850,20.47725,20.474590000000003,1300,1300
24.06.2024 00:02:46.302,20.47727,20.474899999999998,700,700
24.06.2024 00:02:46.353,20.47829,20.47563,1300,1100
24.06.2024 00:02:47.406,20.47834,20.47602,800,900
24.06.2024 00:02:48.059,20.47894,20.476330000000004,1100,1300
24.06.2024 00:02:48.261,20.479570000000002,20.47699,700,900
24.06.2024 00:02:49.264,20.478530000000003,20.476410000000005,700,1100
24.06.2024 00:02:50.667,20.47831,20.476080000000003,500,400
24.06.2024 00:02:51.873,20.478160000000003,20.476029999999998,1200,900
24.06.2024 00:02:54.130,20.47979,20.47721,800,800
24.06.2024 00:02:54.181,20.480380000000004,20.478530000000003,800,1100
24.06.2024 00:02:54.232,20.48045,20.478550000000002,1000,1100
24.06.2024 00:02:55.286,20.48121,20.478520000000003,500,1300
24.06.2024 00:02:56.389,20.48122,20.47907,1000,500
24.06.2024 00:02:57.491,20.481320000000004,20.47915,900,1200
24.06.2024 00:02:58.544,20.481080000000002,20.47908,800,700
24.06.2024 00:02:59.846,20.4814,20.47924,1100,1400
24.06.2024 00:03:00.949,20.481659999999998,20.479400000000002,500,1000
24.06.2024 00:03:04.357,20.48215,20.47999,1200,1000
24.06.2024 00:03:05.610,20.48281,20.48045,1100,800
24.06.2024 00:03:06.613,20.48304,20.48086,800,600
24.06.2024 00:03:07.766,20.483210000000003,20.480960000000003,1200,1400
24.06.2024 00:03:11.825,20.48358,20.48151,1200,1200
24.06.2024 00:03:13.179,20.48344,20.4811,1100,400
24.06.2024 00:03:14.334,20.48325,20.481060000000003,700,1000
24.06.2024 00:03:15.440,20.48329,20.48119,900,1100
24.06.2024 00:03:16.543,20.483520000000002,20.48149,700,1100
24.06.2024 00:03:17.145,20.48405,20.48189,1100,1000
24.06.2024 00:03:18.249,20.48415,20.482060000000004,700,1300
24.06.2024 00:03:19.167,20.48471,20.48254,900,800
24.06.2024 00:03:20.422,20.48452,20.4824,1200,500
24.06.2024 00:03:20.873,20.48536,20.48306,600,1200
24.06.2024 00:03:22.026,20.48516,20.48317,1400,1100
24.06.2024 00:03:23.330,20.485210000000002,20.483050000000002,1300,1000
24.06.2024 00:03:24.884,20.484840000000002,20.482480000000002,900,800
24.06.2024 00:03:25.937,20.48459,20.48238,500,500
24.06.2024 00:03:27.089,20.483880000000003,20.48187,1200,900
24.06.2024 00:03:28.092,20.484869999999997,20.4826,1300,1100
24.06.2024 00:03:29.245,20.484780000000004,20.48275,1000,1000
24.06.2024 00:03:30.349,20.48515,20.483140000000002,600,1300
24.06.2024 00:03:31.802,20.48494,20.48294,1200,1300
24.06.2024 00:03:32.856,20.48494,20.482820000000004,1100,1000
24.06.2024 00:03:33.909,20.484820000000003,20.48236,800,400
24.06.2024 00:03:35.012,20.484969999999997,20.48243,1100,900
24.06.2024 00:03:37.218,20.48427,20.48202,600,700
24.06.2024 00:03:37.269,20.48376,20.480980000000002,600,1400
24.06.2024 00:03:37.320,20.483730000000005,20.48089,600,1200
24.06.2024 00:03:38.323,20.48344,20.48125,1200,1300
24.06.2024 00:03:39.376,20.48331,20.481080000000002,1400,900
24.06.2024 00:03:40.178,20.48394,20.481740000000002,500,400
24.06.2024 00:03:40.680,20.48473,20.48253,900,1400
24.06.2024 00:03:42.034,20.48506,20.483050000000002,1200,1300
24.06.2024 00:03:44.390,20.48511,20.48291,900,1300
24.06.2024 00:03:45.443,20.48479,20.482760000000003,1100,700
24.06.2024 00:03:46.596,20.48507,20.4825,800,800
24.06.2024 00:03:48.804,20.485140000000005,20.482530000000004,400,1000
24.06.2024 00:03:50.008,20.48504,20.48241,600,600
24.06.2024 00:03:51.012,20.48499,20.48222,1300,1100
24.06.2024 00:03:52.065,20.48526,20.48266,1300,700
24.06.2024 00:03:53.219,20.485590000000002,20.482650000000003,1200,500
24.06.2024 00:03:55.425,20.485160000000004,20.48253,800,1100
24.06.2024 00:03:56.529,20.484910000000003,20.4827,500,600
24.06.2024 00:04:01.300,20.48481,20.48266,700,1100
24.06.2024 00:04:02.405,20.48466,20.48247,1100,600
24.06.2024 00:04:03.507,20.4846,20.482419999999998,500,800
24.06.2024 00:04:07.167,20.48397,20.482039999999998,800,600
24.06.2024 00:04:07.218,20.48308,20.480809999999998,700,500
24.06.2024 00:04:08.222,20.483140000000002,20.48076,400,600
24.06.2024 00:04:09.324,20.48291,20.48089,900,1000
24.06.2024 00:04:12.888,20.483069999999998,20.48082,900,800
24.06.2024 00:04:14.392,20.48355,20.481360000000002,800,1300
24.06.2024 00:04:14.694,20.484650000000002,20.48191,1100,600
24.06.2024 00:04:15.597,20.483690000000003,20.48138,1400,1100
24.06.2024 00:04:16.699,20.48381,20.481600000000004,1300,400
24.06.2024 00:04:17.050,20.4832,20.480960000000003,1100,600
24.06.2024 00:04:19.005,20.483410000000003,20.48129,900,400
24.06.2024 00:04:20.108,20.483840000000004,20.48114,1100,1400
24.06.2024 00:04:21.161,20.48375,20.48108,800,900
24.06.2024 00:04:22.264,20.483449999999998,20.48087,900,2200
24.06.2024 00:04:23.417,20.483140000000002,20.480990000000002,800,500
24.06.2024 00:04:24.871,20.48321,20.48083,500,1100
24.06.2024 00:04:25.424,20.48384,20.48152,600,1100
24.06.2024 00:04:26.728,20.483850000000004,20.48164,900,500
24.06.2024 00:04:28.885,20.484330000000003,20.481980000000004,1300,1100
24.06.2024 00:04:29.988,20.48434,20.482039999999998,1300,800
24.06.2024 00:04:30.691,20.48374,20.48117,1000,1100
24.06.2024 00:04:31.694,20.48367,20.480990000000002,500,1200
24.06.2024 00:04:32.797,20.48367,20.481099999999998,1300,900
24.06.2024 00:04:33.800,20.4838,20.4811,1000,900
24.06.2024 00:04:34.905,20.48339,20.480710000000002,1100,700
24.06.2024 00:04:35.908,20.48338,20.48072,500,1200
24.06.2024 00:04:37.062,20.483549999999997,20.480820000000005,400,800
24.06.2024 00:04:38.384,20.48354,20.480870000000003,1100,1300
24.06.2024 00:04:39.387,20.48354,20.48075,1300,700
24.06.2024 00:04:40.993,20.48355,20.48077,900,1300
24.06.2024 00:04:42.100,20.48393,20.4812,1200,600
24.06.2024 00:04:43.153,20.483580000000003,20.48146,1100,1200
24.06.2024 00:04:44.407,20.483520000000002,20.481400000000004,700,900
24.06.2024 00:04:46.416,20.48384,20.481160000000003,800,1400
24.06.2024 00:04:48.724,20.483539999999998,20.48133,1400,900
24.06.2024 00:04:51.080,20.483810000000002,20.481180000000002,800,1000
24.06.2024 00:04:52.332,20.48358,20.481289999999998,1100,1100
24.06.2024 00:04:53.385,20.484,20.481270000000002,1300,1300
24.06.2024 00:04:54.790,20.4842,20.48156,600,1200
24.06.2024 00:04:55.995,20.48391,20.481720000000003,1300,500
24.06.2024 00:04:57.299,20.48407,20.48139,1300,1200
24.06.2024 00:04:58.502,20.484020000000005,20.481920000000002,1100,1000
24.06.2024 00:04:58.603,20.4841,20.48189,1200,700
24.06.2024 00:04:59.004,20.48411,20.48158,500,500
24.06.2024 00:04:59.706,20.48415,20.481520000000003,1200,800
24.06.2024 00:05:00.158,20.484280000000002,20.481840000000002,700,500
24.06.2024 00:05:00.208,20.48499,20.48243,600,500
24.06.2024 00:05:01.362,20.485149999999997,20.482560000000003,700,900
24.06.2024 00:05:01.864,20.48433,20.482210000000002,1200,800
24.06.2024 00:05:03.118,20.48452,20.481969999999997,900,1300
24.06.2024 00:05:05.523,20.48424,20.48216,1100,500
24.06.2024 00:05:06.225,20.484949999999998,20.48293,1300,700
24.06.2024 00:05:07.428,20.48472,20.48267,1100,600
24.06.2024 00:05:09.032,20.485090000000003,20.48254,700,1300
24.06.2024 00:05:10.436,20.485170000000004,20.482740000000003,800,600
24.06.2024 00:05:11.640,20.48514,20.48251,900,900
24.06.2024 00:05:12.743,20.485129999999998,20.48275,1000,800
24.06.2024 00:05:13.746,20.484959999999997,20.4829,500,1200
24.06.2024 00:05:14.047,20.48408,20.482200000000002,800,600
24.06.2024 00:05:14.198,20.48367,20.48133,1100,400
24.06.2024 00:05:15.452,20.48396,20.48124,700,1000
24.06.2024 00:05:16.054,20.483130000000003,20.48125,700,1000
24.06.2024 00:05:16.104,20.48213,20.48011,1200,1100
24.06.2024 00:05:16.306,20.483140000000002,20.48013,1100,1400
24.06.2024 00:05:17.359,20.48311,20.48046,1200,1200
24.06.2024 00:05:18.512,20.4828,20.48059,1300,500
24.06.2024 00:05:19.144,20.48325,20.48119,800,1200
24.06.2024 00:05:20.249,20.483829999999998,20.4815,900,900
24.06.2024 00:05:21.454,20.483549999999997,20.48134,800,1100
24.06.2024 00:05:25.566,20.48328,20.48122,1200,1000
24.06.2024 00:05:27.472,20.48373,20.48165,1200,700
24.06.2024 00:05:29.831,20.48373,20.48138,700,800
24.06.2024 00:05:31.236,20.48361,20.48155,1200,1200
24.06.2024 00:05:32.389,20.48374,20.481370000000002,1300,900
24.06.2024 00:05:33.742,20.48382,20.48138,1200,600
24.06.2024 00:05:34.745,20.48383,20.48145,500,500
24.06.2024 00:05:36.751,20.48448,20.48195,1200,900
24.06.2024 00:05:37.354,20.48416,20.481970000000004,800,1400
24.06.2024 00:05:38.057,20.484090000000002,20.482,1100,700
24.06.2024 00:05:39.060,20.48411,20.481920000000002,1400,500
24.06.2024 00:05:39.963,20.484370000000002,20.481930000000002,400,500
24.06.2024 00:05:40.064,20.48427,20.48205,600,800
24.06.2024 00:05:42.769,20.48413,20.48205,1100,600
24.06.2024 00:05:42.873,20.48417,20.481830000000002,800,500
24.06.2024 00:05:43.977,20.48435,20.4819,800,1300
24.06.2024 00:05:44.078,20.48426,20.48218,1100,1300
24.06.2024 00:05:45.581,20.48413,20.482100000000003,400,600
24.06.2024 00:05:46.986,20.483930000000004,20.481730000000002,900,1000
24.06.2024 00:05:50.294,20.48388,20.481579999999997,1000,1200
24.06.2024 00:05:57.960,20.482100000000003,20.481659999999998,1200,900
24.06.2024 00:05:58.011,20.481969999999997,20.47975,1100,500
24.06.2024 00:05:59.064,20.482300000000002,20.48008,800,900
24.06.2024 00:06:00.185,20.48216,20.48011,1300,500
24.06.2024 00:06:01.138,20.482390000000002,20.48019,1000,700
24.06.2024 00:06:02.391,20.48255,20.480259999999998,600,900
24.06.2024 00:06:03.494,20.482490000000002,20.48037,1100,1300
24.06.2024 00:06:04.896,20.482270000000003,20.480230000000002,1000,900
24.06.2024 00:06:06.001,20.482110000000002,20.480180000000004,500,1000
24.06.2024 00:06:06.803,20.48234,20.480259999999998,400,700
24.06.2024 00:06:07.105,20.482130000000005,20.48,900,600
24.06.2024 00:06:09.258,20.48216,20.479930000000003,400,500
24.06.2024 00:06:10.111,20.48221,20.479950000000002,400,1200
24.06.2024 00:06:11.415,20.482100000000003,20.48,1100,800
24.06.2024 00:06:11.917,20.482180000000003,20.48004,1200,1400
24.06.2024 00:06:13.420,20.48216,20.48006,500,1000
24.06.2024 00:06:15.424,20.48216,20.47998,600,800
24.06.2024 00:06:15.676,20.48216,20.479940000000003,900,500
24.06.2024 00:06:16.729,20.48206,20.47999,800,600
24.06.2024 00:06:21.488,20.48208,20.47987,1000,1000
24.06.2024 00:06:22.791,20.48213,20.4796,700,500
24.06.2024 00:06:23.895,20.482120000000002,20.48,1400,1100
24.06.2024 00:06:26.451,20.482100000000003,20.479830000000003,800,1000
24.06.2024 00:06:28.955,20.482120000000002,20.47999,1400,1100
24.06.2024 00:06:29.408,20.48111,20.479260000000004,400,500
24.06.2024 00:06:29.759,20.481569999999998,20.47922,700,1400
24.06.2024 00:06:29.911,20.48204,20.4799,1300,1200
24.06.2024 00:06:31.214,20.48166,20.479840000000003,1200,1000
24.06.2024 00:06:36.474,20.481559999999998,20.4799,800,700
24.06.2024 00:06:41.235,20.48153,20.480890000000002,400,500
24.06.2024 00:06:41.336,20.482390000000002,20.480890000000002,900,1200
24.06.2024 00:06:42.388,20.482590000000002,20.48089,900,500
24.06.2024 00:06:43.741,20.48234,20.480890000000002,1400,500
24.06.2024 00:06:46.413,20.48247,20.480860000000003,1000,500
24.06.2024 00:06:52.782,20.48232,20.480890000000002,1400,1100
24.06.2024 00:06:55.087,20.482629999999997,20.48085,600,700
24.06.2024 00:06:57.691,20.482280000000003,20.480920000000005,700,900
24.06.2024 00:07:03.807,20.48321,20.48185,1200,1300
24.06.2024 00:07:03.860,20.483700000000002,20.48186,1200,600
24.06.2024 00:07:04.563,20.48374,20.481659999999998,1300,1000
24.06.2024 00:07:05.064,20.483800000000002,20.48161,600,1100
24.06.2024 00:07:17.090,20.48401,20.48186,1300,600
24.06.2024 00:07:18.192,20.484080000000002,20.48185,500,1200
24.06.2024 00:07:18.843,20.484910000000003,20.4825,1300,1200
24.06.2024 00:07:19.996,20.485110000000002,20.482960000000002,2200,600
24.06.2024 00:07:22.350,20.485149999999997,20.48301,2200,800
24.06.2024 00:07:26.209,20.485110000000002,20.482920000000004,900,700
24.06.2024 00:07:27.367,20.48489,20.482809999999997,600,400
24.06.2024 00:07:30.275,20.48482,20.48282,500,800
24.06.2024 00:07:32.634,20.48499,20.48291,1100,400
24.06.2024 00:07:33.689,20.48487,20.482800000000005,1100,700
24.06.2024 00:07:36.944,20.484090000000002,20.482830000000003,1200,1300
24.06.2024 00:07:36.995,20.48414,20.482090000000003,1400,400
24.06.2024 00:07:37.547,20.48377,20.48154,400,1100
24.06.2024 00:07:43.410,20.48376,20.481370000000002,900,900
24.06.2024 00:07:45.564,20.483970000000003,20.48131,500,1300
24.06.2024 00:07:46.617,20.483620000000002,20.48151,800,500
24.06.2024 00:07:47.920,20.48347,20.48139,800,700
24.06.2024 00:07:51.779,20.483610000000002,20.48138,800,1300
24.06.2024 00:07:59.097,20.48365,20.481490000000004,700,1200
24.06.2024 00:08:00.499,20.48377,20.481559999999998,700,600
24.06.2024 00:08:03.656,20.48372,20.481650000000002,900,500
24.06.2024 00:08:07.417,20.48384,20.48167,1100,700
24.06.2024 00:08:08.619,20.483620000000002,20.48153,1200,600
24.06.2024 00:08:09.672,20.48378,20.48168,1000,1200
24.06.2024 00:08:12.126,20.483870000000003,20.48167,1000,900
24.06.2024 00:08:13.279,20.48376,20.48168,1100,500
24.06.2024 00:08:14.418,20.48391,20.4816,700,400
24.06.2024 00:08:15.120,20.4849,20.482719999999997,1300,800
24.06.2024 00:08:15.170,20.48454,20.4817,800,400
24.06.2024 00:08:16.374,20.48388,20.48179,1300,1100
24.06.2024 00:08:18.028,20.484019999999997,20.48167,500,1300
24.06.2024 00:08:21.684,20.483830000000005,20.481630000000003,500,1000
24.06.2024 00:08:23.187,20.483960000000003,20.481620000000003,500,1300
24.06.2024 00:08:26.494,20.48375,20.48166,800,1200
24.06.2024 00:08:32.058,20.48402,20.4818,500,500
24.06.2024 00:08:34.665,20.484090000000002,20.48182,1100,400
24.06.2024 00:08:36.170,20.483960000000003,20.48175,1300,500
24.06.2024 00:08:38.625,20.48388,20.48177,500,1200
24.06.2024 00:08:39.829,20.48385,20.481480000000005,800,1300
24.06.2024 00:08:44.641,20.483920000000005,20.481610000000003,600,800
24.06.2024 00:08:45.693,20.48414,20.48177,1300,1400
24.06.2024 00:08:47.246,20.48411,20.481920000000002,1700,1300
24.06.2024 00:08:49.702,20.483990000000002,20.48194,1400,900
24.06.2024 00:08:51.258,20.4839,20.4817,600,1300
24.06.2024 00:09:03.438,20.48415,20.48187,900,1100
24.06.2024 00:09:03.490,20.48426,20.481870000000004,500,500
24.06.2024 00:09:03.841,20.48493,20.482830000000003,1000,1000
24.06.2024 00:09:11.498,20.48504,20.48289,1400,900
24.06.2024 00:09:12.550,20.485080000000004,20.482870000000005,500,600
24.06.2024 00:09:16.414,20.485070000000004,20.48289,600,1100
24.06.2024 00:09:21.522,20.484670000000005,20.482310000000002,600,1200
24.06.2024 00:09:22.875,20.484340000000003,20.48221,1100,900
24.06.2024 00:09:25.180,20.484230000000004,20.482190000000003,500,500
24.06.2024 00:09:27.286,20.48385,20.481650000000002,1300,1000
24.06.2024 00:09:31.844,20.48386,20.48164,500,1000
24.06.2024 00:09:37.458,20.48372,20.48154,1100,1200
24.06.2024 00:09:47.484,20.48387,20.48145,400,900
24.06.2024 00:09:48.536,20.48375,20.48154,900,1200
24.06.2024 00:09:53.749,20.48356,20.48147,700,1300
24.06.2024 00:09:56.407,20.48382,20.48156,600,1100
24.06.2024 00:09:58.171,20.48388,20.48161,500,800
24.06.2024 00:10:00.429,20.48421,20.48187,1300,500
24.06.2024 00:10:01.482,20.484370000000002,20.48217,900,1400
24.06.2024 00:10:01.986,20.485,20.482770000000002,800,900
24.06.2024 00:10:02.388,20.484340000000003,20.48229,600,1200
24.06.2024 00:10:03.141,20.48414,20.48187,700,400
24.06.2024 00:10:06.298,20.48424,20.48192,600,1300
24.06.2024 00:10:09.205,20.48411,20.481840000000002,700,1100
24.06.2024 00:10:11.912,20.48421,20.48189,800,1300
24.06.2024 00:10:12.012,20.484830000000002,20.482819999999997,800,1100
24.06.2024 00:10:13.366,20.48495,20.482910000000004,1200,700
24.06.2024 00:10:17.531,20.48507,20.482789999999998,1200,1100
24.06.2024 00:10:18.735,20.48498,20.482890000000005,500,800
24.06.2024 00:10:21.343,20.48561,20.482880000000005,500,1000
24.06.2024 00:10:22.746,20.485350000000004,20.48321,700,1100
24.06.2024 00:10:25.453,20.485370000000003,20.48308,1100,700
24.06.2024 00:10:28.060,20.48641,20.4837,700,800
24.06.2024 00:10:29.064,20.486370000000004,20.484430000000003,500,1300
24.06.2024 00:10:30.066,20.48643,20.48435,1100,1300
24.06.2024 00:10:30.368,20.48564,20.48356,800,1300
24.06.2024 00:10:31.722,20.48561,20.48346,900,800
24.06.2024 00:10:39.239,20.48539,20.4832,1100,800
24.06.2024 00:10:40.343,20.48522,20.483060000000002,1200,1300
24.06.2024 00:10:47.892,20.485210000000002,20.483120000000003,500,1100
24.06.2024 00:10:49.296,20.48529,20.483060000000002,700,1400
24.06.2024 00:10:52.055,20.485300000000002,20.483150000000002,1400,1200
24.06.2024 00:10:53.409,20.48565,20.483439999999998,500,1000
24.06.2024 00:10:57.926,20.48553,20.48327,700,1100
24.06.2024 00:10:59.480,20.48561,20.48346,1400,700
24.06.2024 00:11:00.735,20.485730000000004,20.48357,700,500
24.06.2024 00:11:05.696,20.48574,20.483459999999997,900,1100
24.06.2024 00:11:08.505,20.485750000000003,20.48351,1200,900
24.06.2024 00:11:09.758,20.48564,20.48341,1100,1100
24.06.2024 00:11:11.111,20.485200000000003,20.48317,1000,900
24.06.2024 00:11:12.315,20.48528,20.483020000000003,900,1000
24.06.2024 00:11:13.567,20.485210000000002,20.483220000000003,500,1400
24.06.2024 00:11:15.122,20.485380000000003,20.48317,1200,500
24.06.2024 00:11:17.577,20.48539,20.48326,700,900
24.06.2024 00:11:19.030,20.485480000000003,20.48331,600,1200
24.06.2024 00:11:20.132,20.485680000000002,20.483449999999998,700,500
24.06.2024 00:11:21.436,20.48607,20.48329,1200,900
24.06.2024 00:11:22.590,20.485780000000002,20.483520000000002,700,800
24.06.2024 00:11:36.328,20.486000000000004,20.48365,1000,1300
24.06.2024 00:11:37.380,20.4859,20.483760000000004,700,700
24.06.2024 00:11:39.936,20.48599,20.48393,1100,600
24.06.2024 00:11:44.950,20.486420000000003,20.484300000000005,1100,500
24.06.2024 00:11:46.553,20.486110000000004,20.48434,1000,1400
24.06.2024 00:11:47.658,20.486080000000005,20.484160000000003,500,900
24.06.2024 00:11:48.810,20.486130000000003,20.48434,900,1200
24.06.2024 00:11:50.865,20.486150000000002,20.48447,700,500
24.06.2024 00:11:52.068,20.486430000000002,20.48447,1100,500
24.06.2024 00:11:52.119,20.4871,20.48513,900,1200
24.06.2024 00:11:54.224,20.48818,20.48564,900,1200
24.06.2024 00:11:55.529,20.48804,20.485970000000002,500,400
24.06.2024 00:11:58.536,20.488030000000002,20.48583,600,900
24.06.2024 00:11:59.791,20.488169999999997,20.48602,500,1300
24.06.2024 00:12:04.200,20.48835,20.486030000000003,1300,1100
24.06.2024 00:12:05.053,20.488300000000002,20.48607,1300,500
24.06.2024 00:12:17.506,20.48819,20.486090000000004,600,1400
24.06.2024 00:12:23.717,20.48836,20.48609,1000,700
24.06.2024 00:12:28.480,20.4881,20.48613,500,800
24.06.2024 00:12:28.782,20.48742,20.485450000000004,1000,600
24.06.2024 00:12:30.035,20.48733,20.48524,1400,1400
24.06.2024 00:12:32.291,20.4873,20.48515,1200,1100
24.06.2024 00:12:37.102,20.487250000000003,20.48491,1000,700
24.06.2024 00:12:39.261,20.48727,20.48518,800,800
24.06.2024 00:12:40.413,20.487099999999998,20.48507,1200,1000
24.06.2024 00:12:43.070,20.48708,20.484780000000004,700,600
24.06.2024 00:12:44.072,20.486990000000002,20.484800000000003,900,500
24.06.2024 00:12:45.324,20.48703,20.48494,900,400
24.06.2024 00:12:46.626,20.48705,20.48476,700,700
24.06.2024 00:12:47.979,20.48702,20.484910000000003,500,500
24.06.2024 00:12:59.510,20.48743,20.48521,700,1100
24.06.2024 00:13:01.015,20.48776,20.48583,1300,900
24.06.2024 00:13:02.068,20.487470000000002,20.48543,800,1000
24.06.2024 00:13:02.719,20.48811,20.485970000000002,600,500
24.06.2024 00:13:03.922,20.488000000000003,20.48587,500,800
24.06.2024 00:13:05.702,20.48819,20.48611,400,1400
24.06.2024 00:13:07.908,20.488110000000002,20.48608,1000,800
24.06.2024 00:13:16.478,20.488149999999997,20.485950000000003,1000,900
24.06.2024 00:13:20.740,20.48828,20.485930000000003,1400,1100
24.06.2024 00:13:21.192,20.48807,20.485940000000003,500,1200
24.06.2024 00:13:21.793,20.488159999999997,20.48607,700,600
24.06.2024 00:13:22.595,20.488210000000002,20.486060000000002,1400,1100
24.06.2024 00:13:26.103,20.488120000000002,20.48612,1200,600
24.06.2024 00:13:26.955,20.488079999999997,20.48598,1300,1200
24.06.2024 00:13:27.460,20.488290000000003,20.486,1200,500
24.06.2024 00:13:28.213,20.48816,20.48613,600,1100
24.06.2024 00:13:30.017,20.488139999999998,20.48611,400,1000
24.06.2024 00:13:38.584,20.488010000000003,20.48598,700,400
24.06.2024 00:13:41.241,20.488149999999997,20.48579,1300,900
24.06.2024 00:13:45.449,20.487920000000003,20.485879999999998,900,700
24.06.2024 00:13:48.608,20.488000000000003,20.485970000000002,500,800
24.06.2024 00:13:50.013,20.487920000000003,20.48579,800,900
24.06.2024 00:13:53.370,20.487750000000002,20.48584,900,1300
24.06.2024 00:13:55.474,20.487920000000003,20.48584,1100,1400
24.06.2024 00:14:05.456,20.48803,20.48613,700,500
24.06.2024 00:14:05.959,20.488879999999998,20.48699,600,700
24.06.2024 00:14:06.013,20.48957,20.487470000000002,600,600
24.06.2024 00:14:07.068,20.48994,20.48785,500,500
24.06.2024 00:14:09.122,20.48987,20.48778,1400,800
24.06.2024 00:14:11.777,20.49059,20.48785,500,700
24.06.2024 00:14:12.279,20.49015,20.48785,500,1300
24.06.2024 00:14:12.831,20.49012,20.487980000000004,1200,400
24.06.2024 00:14:20.648,20.4902,20.48811,1300,1100
24.06.2024 00:14:23.304,20.49064,20.48852,1300,700
24.06.2024 00:14:23.454,20.48995,20.48785,800,1100
24.06.2024 00:14:24.507,20.49016,20.487640000000003,1000,1000
24.06.2024 00:14:26.010,20.48986,20.48777,500,900
24.06.2024 00:14:26.111,20.48917,20.48727,800,800
24.06.2024 00:14:27.865,20.48913,20.48726,1300,500
24.06.2024 00:14:28.517,20.48918,20.48724,600,600
24.06.2024 00:14:28.868,20.489060000000002,20.48713,1200,1200
24.06.2024 00:14:30.271,20.489440000000002,20.487370000000002,1200,800
24.06.2024 00:14:36.886,20.489100000000004,20.48734,1000,1300
24.06.2024 00:14:36.937,20.488770000000002,20.48644,900,600
24.06.2024 00:14:38.050,20.48883,20.48608,1000,1200
24.06.2024 00:14:44.669,20.48825,20.48625,1200,600
24.06.2024 00:14:45.773,20.489130000000003,20.48648,900,900
24.06.2024 00:14:47.327,20.48895,20.48681,1200,700
24.06.2024 00:14:50.283,20.4896,20.48749,1100,600
24.06.2024 00:14:51.687,20.48999,20.487940000000002,1200,800
24.06.2024 00:14:52.789,20.48985,20.487740000000002,1000,1000
24.06.2024 00:14:53.992,20.489980000000003,20.48786,700,900
24.06.2024 00:14:55.345,20.489810000000002,20.4878,900,900
24.06.2024 00:14:56.397,20.489980000000003,20.48779,500,700
24.06.2024 00:14:58.206,20.4907,20.48806,1000,800
24.06.2024 00:14:59.310,20.4902,20.48791,500,500
24.06.2024 00:15:00.362,20.490090000000002,20.4879,1100,700
24.06.2024 00:15:02.671,20.490070000000003,20.488000000000003,500,1300
24.06.2024 00:15:05.077,20.4902,20.48786,900,400
24.06.2024 00:15:06.230,20.49012,20.48785,500,700
24.06.2024 00:15:07.383,20.490080000000003,20.488070000000004,800,1200
24.06.2024 00:15:07.985,20.49114,20.48853,600,700
24.06.2024 00:15:09.489,20.49076,20.488410000000002,1300,1300
24.06.2024 00:15:12.245,20.49057,20.488290000000003,600,1200
24.06.2024 00:15:13.349,20.49088,20.48828,1300,500
24.06.2024 00:15:13.400,20.49114,20.489,1000,1000
24.06.2024 00:15:14.654,20.49112,20.4892,900,400
24.06.2024 00:15:16.058,20.491080000000004,20.48928,700,1300
24.06.2024 00:15:19.078,20.491130000000002,20.489160000000002,700,500
24.06.2024 00:15:20.230,20.49145,20.489150000000002,600,700
24.06.2024 00:15:20.431,20.49198,20.48967,500,1000
24.06.2024 00:15:21.633,20.492160000000002,20.4892,1000,500
24.06.2024 00:15:23.689,20.492080000000005,20.48932,1200,700
24.06.2024 00:15:24.742,20.492079999999998,20.48919,1200,500
24.06.2024 00:15:26.848,20.492130000000003,20.489520000000002,1100,1400
24.06.2024 00:15:30.104,20.49214,20.490850000000002,1300,600
24.06.2024 00:15:30.406,20.49149,20.4909,500,1100
24.06.2024 00:15:38.523,20.49165,20.49087,900,600
24.06.2024 00:15:38.724,20.491249999999997,20.489919999999998,1100,900
24.06.2024 00:15:40.378,20.491220000000002,20.48988,800,1400
24.06.2024 00:15:40.682,20.49071,20.488829999999997,1100,600
24.06.2024 00:15:41.234,20.490460000000002,20.488899999999997,1000,600
24.06.2024 00:15:42.236,20.49061,20.48882,400,1200
24.06.2024 00:15:43.440,20.49095,20.48884,600,1000
24.06.2024 00:15:45.546,20.490460000000002,20.488919999999997,1400,800
24.06.2024 00:15:46.399,20.490470000000002,20.4879,500,700
24.06.2024 00:15:48.706,20.490029999999997,20.48788,1200,600
24.06.2024 00:15:50.961,20.490050000000004,20.48888,400,500
24.06.2024 00:15:51.212,20.49061,20.48882,1100,1400
24.06.2024 00:15:55.071,20.49061,20.488919999999997,800,1200
24.06.2024 00:15:56.123,20.49104,20.488829999999997,1100,700
24.06.2024 00:15:57.677,20.49065,20.48891,1300,400
24.06.2024 00:15:59.059,20.49094,20.4889,500,600
24.06.2024 00:16:00.162,20.49062,20.488850000000003,1300,1200
24.06.2024 00:16:00.263,20.49066,20.48783,700,600
24.06.2024 00:16:00.314,20.4901,20.486919999999998,900,1000
24.06.2024 00:16:01.769,20.489060000000002,20.48687,1100,1300
24.06.2024 00:16:04.125,20.48884,20.48686,1100,1100
24.06.2024 00:16:05.429,20.488650000000003,20.486870000000003,1300,400
24.06.2024 00:16:07.785,20.488889999999998,20.486830000000005,800,500
24.06.2024 00:16:08.789,20.48919,20.48688,500,1000
24.06.2024 00:16:09.843,20.489110000000004,20.48684,1100,1300
24.06.2024 00:16:10.995,20.489060000000002,20.48684,600,800
24.06.2024 00:16:12.300,20.48919,20.486880000000003,1200,800
24.06.2024 00:16:13.354,20.4892,20.486890000000002,600,1300
24.06.2024 00:16:14.709,20.48881,20.48684,800,1000
24.06.2024 00:16:15.766,20.48907,20.48684,1100,1200
24.06.2024 00:16:16.819,20.48945,20.486919999999998,800,900
24.06.2024 00:16:16.970,20.4894,20.48788,600,1000
24.06.2024 00:16:21.730,20.489310000000003,20.48785,1000,600
24.06.2024 00:16:22.733,20.489420000000003,20.487830000000002,400,1300
24.06.2024 00:16:27.193,20.489040000000003,20.48792,600,1000
24.06.2024 00:16:29.449,20.489359999999998,20.48785,1000,500
24.06.2024 00:16:31.802,20.48956,20.48786,1000,1400
24.06.2024 00:16:33.055,20.48958,20.487840000000002,1300,500
24.06.2024 00:16:34.108,20.490160000000003,20.48886,1000,1000
24.06.2024 00:16:34.660,20.490160000000003,20.487840000000002,1200,1400
24.06.2024 00:16:35.262,20.490190000000002,20.48789,500,700
24.06.2024 00:16:36.415,20.49005,20.48789,800,900
24.06.2024 00:16:38.730,20.49024,20.4879,700,1300
24.06.2024 00:16:41.385,20.4902,20.48787,600,1300
24.06.2024 00:16:42.139,20.49015,20.4879,1300,1100
24.06.2024 00:16:43.195,20.4889,20.48791,700,1200
24.06.2024 00:16:45.400,20.488770000000002,20.48788,1000,500
24.06.2024 00:16:46.854,20.48893,20.48792,500,500
24.06.2024 00:16:47.857,20.48945,20.48791,500,1100
24.06.2024 00:16:49.061,20.48913,20.48788,600,500
24.06.2024 00:16:50.064,20.48883,20.48787,1300,600
24.06.2024 00:16:51.168,20.489069999999998,20.487930000000002,900,700
24.06.2024 00:16:52.372,20.4892,20.48785,700,1200
24.06.2024 00:16:54.277,20.488960000000002,20.48789,600,600
24.06.2024 00:16:55.682,20.48931,20.48789,700,700
24.06.2024 00:16:57.438,20.48912,20.48791,500,900
24.06.2024 00:16:59.744,20.48881,20.48788,900,1100
24.06.2024 00:17:00.797,20.488940000000003,20.48785,800,800
24.06.2024 00:17:05.360,20.488960000000002,20.48787,1000,500
24.06.2024 00:17:06.965,20.48862,20.48787,500,700
24.06.2024 00:17:09.271,20.488620000000004,20.48787,800,1300
24.06.2024 00:17:10.524,20.48844,20.48787,1400,1400
24.06.2024 00:17:14.485,20.48857,20.48789,600,800
24.06.2024 00:17:15.588,20.488390000000003,20.4879,1300,1200
24.06.2024 00:17:17.043,20.488280000000003,20.48785,1200,1400
24.06.2024 00:17:18.196,20.48843,20.48786,900,700
24.06.2024 00:17:20.403,20.488310000000002,20.48788,700,600
24.06.2024 00:17:21.767,20.48847,20.487830000000002,1100,500
24.06.2024 00:17:25.279,20.488580000000002,20.48786,700,600
24.06.2024 00:17:26.682,20.488410000000002,20.487830000000002,900,700
24.06.2024 00:17:34.251,20.48855,20.48788,1000,400
24.06.2024 00:17:34.856,20.48854,20.48648,1100,1000
24.06.2024 00:17:37.163,20.48869,20.48649,1000,1300
24.06.2024 00:17:38.268,20.4887,20.486330000000002,1000,1200
24.06.2024 00:17:39.620,20.48852,20.486340000000002,600,700
24.06.2024 00:17:41.773,20.488720000000004,20.48637,1100,700
24.06.2024 00:17:42.777,20.48892,20.486340000000002,800,1000
24.06.2024 00:17:44.034,20.488719999999997,20.4865,800,700
24.06.2024 00:17:45.086,20.48867,20.486620000000002,1300,700
24.06.2024 00:17:45.337,20.48919,20.48786,900,900
24.06.2024 00:17:45.488,20.488709999999998,20.48788,700,1300
24.06.2024 00:17:46.641,20.48884,20.48792,1200,1100
24.06.2024 00:17:47.894,20.489040000000003,20.48789,600,1400
24.06.2024 00:17:50.501,20.48909,20.48689,1100,500
24.06.2024 00:17:50.802,20.48918,20.48687,1300,1000
24.06.2024 00:17:52.607,20.48908,20.486830000000005,400,1200
24.06.2024 00:17:52.958,20.489050000000002,20.48637,700,1300
24.06.2024 00:17:56.216,20.4888,20.48599,800,700
24.06.2024 00:17:57.569,20.48865,20.48635,700,600
24.06.2024 00:17:58.922,20.4888,20.486250000000002,600,800
24.06.2024 00:18:00.727,20.48877,20.485970000000002,600,1300
24.06.2024 00:18:01.128,20.48813,20.48592,1100,400
24.06.2024 00:18:02.933,20.488120000000002,20.486,500,1000
24.06.2024 00:18:03.435,20.48889,20.486190000000004,900,400
24.06.2024 00:18:05.089,20.488570000000003,20.485970000000002,400,1400
24.06.2024 00:18:10.338,20.489040000000003,20.485960000000002,500,1100
24.06.2024 00:18:11.492,20.48851,20.486310000000003,800,800
24.06.2024 00:18:13.551,20.48851,20.486220000000003,1300,800
24.06.2024 00:18:16.309,20.48846,20.486230000000003,1200,700
24.06.2024 00:18:17.362,20.488460000000003,20.486050000000002,500,800
24.06.2024 00:18:18.767,20.48816,20.486060000000002,500,700
24.06.2024 00:18:18.818,20.488170000000004,20.485879999999998,900,600
24.06.2024 00:18:22.979,20.48851,20.48584,700,1200
24.06.2024 00:18:24.031,20.488220000000005,20.48599,800,1100
24.06.2024 00:18:26.337,20.4881,20.48598,1100,1400
24.06.2024 00:18:26.438,20.488090000000003,20.485719999999997,700,800
24.06.2024 00:18:27.592,20.48814,20.48583,800,1300
24.06.2024 00:18:33.103,20.48814,20.48593,1000,1200
24.06.2024 00:18:33.305,20.48712,20.484740000000002,900,900
24.06.2024 00:18:34.710,20.48711,20.48468,1200,500
24.06.2024 00:18:35.361,20.487780000000004,20.484630000000003,900,1100
24.06.2024 00:18:36.363,20.487730000000003,20.484590000000004,1400,1400
24.06.2024 00:18:38.867,20.48717,20.484580000000005,1200,1300
24.06.2024 00:18:39.218,20.48711,20.48492,800,1200
24.06.2024 00:18:40.370,20.487470000000002,20.48494,900,1000
24.06.2024 00:18:40.621,20.48791,20.48522,1300,500
24.06.2024 00:18:42.174,20.487650000000002,20.48533,600,600
24.06.2024 00:18:44.578,20.48795,20.485200000000003,1300,800
24.06.2024 00:18:45.931,20.488100000000003,20.485039999999998,600,800
24.06.2024 00:18:48.588,20.487970000000004,20.4852,600,1000
24.06.2024 00:18:49.640,20.488079999999997,20.48583,700,800
24.06.2024 00:18:51.243,20.488100000000003,20.485979999999998,1200,1200
24.06.2024 00:18:54.000,20.488170000000004,20.48636,800,1400
24.06.2024 00:18:55.053,20.488090000000003,20.4862,600,600
24.06.2024 00:18:57.408,20.48815,20.486500000000003,700,700
24.06.2024 00:18:57.559,20.489030000000003,20.486420000000003,900,800
24.06.2024 00:18:58.611,20.488680000000002,20.48597,1300,900
24.06.2024 00:19:00.767,20.48855,20.48598,1000,700
24.06.2024 00:19:01.902,20.488190000000003,20.485940000000003,1300,1000
24.06.2024 00:19:06.767,20.48836,20.4858,700,1100
24.06.2024 00:19:09.676,20.48892,20.48564,400,500
24.06.2024 00:19:10.833,20.48833,20.485940000000003,500,1100
24.06.2024 00:19:13.994,20.488120000000002,20.485940000000003,900,500
24.06.2024 00:19:14.997,20.488020000000002,20.48585,1300,800
24.06.2024 00:19:15.148,20.48733,20.485219999999998,1300,800
24.06.2024 00:19:16.357,20.48749,20.48472,700,1100
24.06.2024 00:19:19.613,20.48712,20.48469,800,500
24.06.2024 00:19:19.716,20.486720000000002,20.48458,1200,1300
24.06.2024 00:19:20.768,20.48687,20.484520000000003,700,400
24.06.2024 00:19:25.278,20.48673,20.48451,1200,700
24.06.2024 00:19:26.330,20.4866,20.48442,500,500
24.06.2024 00:19:27.683,20.48696,20.48439,400,400
24.06.2024 00:19:31.639,20.487090000000002,20.48451,900,1300
24.06.2024 00:19:32.743,20.48714,20.484580000000005,400,900
24.06.2024 00:19:33.795,20.48732,20.48477,900,1300
24.06.2024 00:19:34.898,20.487410000000004,20.48426,900,800
24.06.2024 00:19:35.500,20.48707,20.48426,1100,800
24.06.2024 00:19:36.051,20.48716,20.484460000000002,700,1400
24.06.2024 00:19:37.855,20.48711,20.48412,700,1300
24.06.2024 00:19:41.566,20.487090000000002,20.484550000000002,900,1000
24.06.2024 00:19:46.675,20.48714,20.484560000000002,1400,600
24.06.2024 00:19:47.879,20.48701,20.48433,1400,1200
24.06.2024 00:19:49.082,20.48716,20.48448,900,700
24.06.2024 00:19:50.209,20.48705,20.4844,800,400
24.06.2024 00:19:51.413,20.48714,20.48461,1000,1100
24.06.2024 00:19:52.465,20.487090000000002,20.48465,900,1000
24.06.2024 00:19:53.820,20.48708,20.48485,1000,1100
24.06.2024 00:19:57.127,20.487080000000002,20.48485,600,900
24.06.2024 00:19:59.084,20.48714,20.48516,600,1100
24.06.2024 00:19:59.636,20.48768,20.48515,900,700
24.06.2024 00:19:59.886,20.48811,20.48592,1100,1000
24.06.2024 00:20:03.093,20.48812,20.4857,500,1100
24.06.2024 00:20:06.857,20.488149999999997,20.485750000000003,900,600
24.06.2024 00:20:07.009,20.48881,20.485750000000003,500,900
24.06.2024 00:20:08.212,20.48858,20.485760000000003,1100,1400
24.06.2024 00:20:09.614,20.489060000000002,20.48534,800,600
24.06.2024 00:20:12.873,20.48862,20.48555,1100,1000
24.06.2024 00:20:14.177,20.4883,20.48583,1300,1300
24.06.2024 00:20:15.681,20.48846,20.48572,700,1400
24.06.2024 00:20:17.586,20.487640000000003,20.48499,800,400
24.06.2024 00:20:18.738,20.487830000000002,20.485100000000003,500,1300
24.06.2024 00:20:19.742,20.488030000000002,20.48527,700,800
24.06.2024 00:20:20.794,20.48855,20.485070000000004,1100,500
24.06.2024 00:20:22.049,20.488030000000002,20.48539,600,700
24.06.2024 00:20:23.152,20.487520000000004,20.485340000000004,400,1000
24.06.2024 00:20:24.355,20.487420000000004,20.48537,900,1000
24.06.2024 00:20:24.406,20.48818,20.48561,1100,1000
24.06.2024 00:20:26.663,20.488640000000004,20.485409999999998,1200,700
24.06.2024 00:20:27.866,20.48852,20.48476,500,1200
24.06.2024 00:20:28.970,20.488069999999997,20.4853,500,500
24.06.2024 00:20:30.075,20.4882,20.4854,800,1000
24.06.2024 00:20:31.078,20.48791,20.48524,1400,1000
24.06.2024 00:20:32.583,20.4877,20.485190000000003,1200,1200
24.06.2024 00:20:37.197,20.48805,20.485520000000005,700,900
24.06.2024 00:20:38.450,20.488010000000003,20.485460000000003,1200,800
24.06.2024 00:20:39.603,20.487940000000002,20.48537,1000,900
24.06.2024 00:20:40.757,20.48783,20.48557,1200,1300
24.06.2024 00:20:41.761,20.487769999999998,20.48557,1300,1100
24.06.2024 00:20:45.134,20.48767,20.48568,1200,700
24.06.2024 00:20:46.186,20.4877,20.485520000000005,700,1000
24.06.2024 00:21:01.329,20.487769999999998,20.48546,1100,700
24.06.2024 00:21:04.436,20.487740000000002,20.48561,500,1100
24.06.2024 00:21:07.543,20.48773,20.48546,900,1300
24.06.2024 00:21:08.846,20.48769,20.4856,1000,1100
24.06.2024 00:21:09.906,20.48772,20.48509,700,1300
24.06.2024 00:21:12.661,20.487650000000002,20.48512,1000,1000
24.06.2024 00:21:13.663,20.48753,20.485180000000003,1300,1100
24.06.2024 00:21:15.367,20.48764,20.48509,1000,600
24.06.2024 00:21:17.672,20.487240000000003,20.48526,700,700
24.06.2024 00:21:18.724,20.48754,20.48488,400,1300
24.06.2024 00:21:19.877,20.48776,20.484440000000003,700,600
24.06.2024 00:21:23.284,20.48767,20.484550000000002,500,1000
24.06.2024 00:21:24.838,20.4876,20.484560000000002,400,1000
24.06.2024 00:21:33.254,20.48745,20.48473,1400,1400
24.06.2024 00:21:35.811,20.48745,20.48488,800,600
24.06.2024 00:21:36.708,20.48691,20.48405,1100,900
24.06.2024 00:21:37.309,20.4876,20.484920000000002,1000,1100
24.06.2024 00:21:38.812,20.48755,20.48499,800,1200
24.06.2024 00:21:40.567,20.487560000000002,20.485100000000003,500,1000
24.06.2024 00:21:44.630,20.488110000000002,20.484710000000003,1200,1000
24.06.2024 00:21:45.934,20.48789,20.484700000000004,1200,1300
24.06.2024 00:21:48.341,20.48771,20.48497,700,1200
24.06.2024 00:21:49.344,20.487659999999998,20.48486,1000,800
24.06.2024 00:21:50.750,20.48767,20.48494,1200,1300
24.06.2024 00:21:52.155,20.48773,20.485030000000002,1000,800
24.06.2024 00:21:53.659,20.488020000000002,20.485380000000003,700,1000
24.06.2024 00:21:55.114,20.48796,20.48533,700,1000
24.06.2024 00:21:56.669,20.48833,20.48544,1400,500
24.06.2024 00:21:57.973,20.48827,20.485680000000002,1100,600
24.06.2024 00:21:58.024,20.489020000000004,20.486340000000002,800,1200
24.06.2024 00:21:59.027,20.489369999999997,20.48666,800,700
24.06.2024 00:22:01.283,20.489440000000002,20.48673,500,700
24.06.2024 00:22:02.436,20.489250000000002,20.486610000000002,1100,1000
24.06.2024 00:22:03.388,20.490220000000004,20.48768,1200,1100
24.06.2024 00:22:03.440,20.49107,20.48794,1100,1400
24.06.2024 00:22:04.994,20.491130000000002,20.488200000000003,1200,900
24.06.2024 00:22:06.046,20.491000000000003,20.48807,600,500
24.06.2024 00:22:07.752,20.491100000000003,20.4878,700,1000
24.06.2024 00:22:10.410,20.49075,20.487470000000002,1200,1400
24.06.2024 00:22:11.463,20.490769999999998,20.48801,800,900
24.06.2024 00:22:12.617,20.49078,20.48815,600,600
24.06.2024 00:22:13.770,20.490830000000003,20.488310000000002,1200,1400
24.06.2024 00:22:15.174,20.490720000000003,20.48838,500,500
24.06.2024 00:22:16.077,20.490280000000002,20.48773,900,1200
24.06.2024 00:22:17.131,20.49036,20.48776,800,1200
24.06.2024 00:22:18.435,20.490470000000002,20.487910000000003,1100,1100
24.06.2024 00:22:18.887,20.49013,20.487870000000004,900,900
24.06.2024 00:22:18.988,20.488780000000002,20.48617,1300,1100
24.06.2024 00:22:20.657,20.48845,20.48553,1000,500
24.06.2024 00:22:21.710,20.48883,20.48553,800,600
24.06.2024 00:22:23.112,20.48899,20.485180000000003,1000,700
24.06.2024 00:22:24.166,20.488680000000002,20.484820000000003,1100,900
24.06.2024 00:22:25.268,20.488280000000003,20.485210000000002,1000,800
24.06.2024 00:22:26.171,20.488139999999998,20.48524,1000,700
24.06.2024 00:22:26.673,20.48731,20.48481,400,400
24.06.2024 00:22:27.676,20.48812,20.485129999999998,1100,1000
24.06.2024 00:22:28.778,20.48805,20.48547,500,700
24.06.2024 00:22:29.884,20.48931,20.48662,1000,1100
24.06.2024 00:22:29.935,20.48977,20.4866,900,1300
24.06.2024 00:22:31.038,20.48953,20.48695,1100,600
24.06.2024 00:22:32.090,20.48938,20.48695,1300,1300
24.06.2024 00:22:33.193,20.48938,20.48695,1300,400
24.06.2024 00:22:36.649,20.48926,20.487019999999998,1100,1000
24.06.2024 00:22:37.701,20.48954,20.48704,1000,600
24.06.2024 00:22:38.854,20.4896,20.48707,800,1100
24.06.2024 00:22:41.260,20.48947,20.487,1200,1300
24.06.2024 00:22:42.512,20.489720000000002,20.487090000000002,400,1300
24.06.2024 00:22:44.865,20.48956,20.48727,600,400
24.06.2024 00:22:46.318,20.48999,20.487180000000002,1300,500
24.06.2024 00:22:47.522,20.48938,20.487340000000003,500,700
24.06.2024 00:22:48.275,20.490260000000003,20.487560000000002,1000,1200
24.06.2024 00:22:49.328,20.49005,20.48791,500,900
24.06.2024 00:22:50.330,20.490080000000003,20.48818,1100,1300
24.06.2024 00:22:50.984,20.49099,20.488410000000002,1400,400
24.06.2024 00:22:52.238,20.491310000000002,20.489330000000002,1300,1100
24.06.2024 00:22:56.248,20.49111,20.48913,900,700
24.06.2024 00:22:59.606,20.491,20.48902,500,600
24.06.2024 00:23:00.609,20.491180000000004,20.488910000000004,1000,1000
24.06.2024 00:23:02.114,20.49122,20.48921,1300,900
24.06.2024 00:23:03.468,20.491190000000003,20.488970000000005,1200,800
24.06.2024 00:23:05.539,20.49111,20.48905,1200,1400
24.06.2024 00:23:06.595,20.49111,20.489130000000003,1100,900
24.06.2024 00:23:07.647,20.491249999999997,20.48918,800,1400
24.06.2024 00:23:08.900,20.49151,20.48883,700,1100
24.06.2024 00:23:11.455,20.491410000000002,20.488960000000002,1300,400
24.06.2024 00:23:12.557,20.49101,20.48889,1100,600
24.06.2024 00:23:15.014,20.49111,20.488870000000002,1000,600
24.06.2024 00:23:17.922,20.49142,20.48874,600,800
24.06.2024 00:23:21.828,20.49105,20.48888,900,800
24.06.2024 00:23:22.680,20.4901,20.488870000000002,900,1400
24.06.2024 00:23:23.082,20.49017,20.48868,400,600
24.06.2024 00:23:24.584,20.49012,20.488760000000003,1100,900
24.06.2024 00:23:25.839,20.490180000000002,20.48862,400,800
24.06.2024 00:23:27.091,20.490170000000003,20.488780000000002,1200,500
24.06.2024 00:23:31.852,20.490090000000002,20.488920000000004,600,900
24.06.2024 00:23:33.055,20.49017,20.488799999999998,900,1000
24.06.2024 00:23:35.664,20.49007,20.488920000000004,800,600
24.06.2024 00:23:42.633,20.49097,20.488900000000005,1200,1300
24.06.2024 00:23:42.984,20.49016,20.48889,400,800
24.06.2024 00:23:46.790,20.49116,20.488960000000002,1100,1000
24.06.2024 00:23:52.939,20.49112,20.48901,2100,500
24.06.2024 00:23:54.192,20.49011,20.489,600,1100
24.06.2024 00:23:54.494,20.49017,20.48894,700,1000
24.06.2024 00:23:57.703,20.49116,20.488890000000005,2200,1300
24.06.2024 00:23:59.556,20.4911,20.48906,800,1100
24.06.2024 00:24:00.961,20.491120000000002,20.48923,500,800
24.06.2024 00:24:02.315,20.49111,20.48911,700,900
24.06.2024 00:24:09.031,20.491159999999997,20.48943,1300,900
24.06.2024 00:24:09.835,20.49013,20.489430000000002,700,1200
24.06.2024 00:24:10.538,20.490170000000003,20.48917,1300,1000
24.06.2024 00:24:11.990,20.491149999999998,20.48911,1400,800
24.06.2024 00:24:13.295,20.491139999999998,20.48926,500,600
24.06.2024 00:24:54.834,20.49011,20.48929,800,600
24.06.2024 00:24:54.884,20.49011,20.48884,700,1300
24.06.2024 00:24:55.887,20.491110000000003,20.488740000000004,600,1000
24.06.2024 00:24:57.039,20.491159999999997,20.48905,800,1300
24.06.2024 00:24:58.144,20.491169999999997,20.48937,800,800
24.06.2024 00:24:59.297,20.491149999999998,20.48911,900,400
24.06.2024 00:25:00.349,20.49116,20.48931,600,900
24.06.2024 00:25:01.855,20.49115,20.489380000000004,700,1400
24.06.2024 00:25:06.716,20.491120000000002,20.49003,700,700
24.06.2024 00:25:08.019,20.49118,20.4903,1300,600
24.06.2024 00:25:13.833,20.491090000000003,20.49015,500,1100
24.06.2024 00:25:16.037,20.491090000000003,20.48965,800,1200
24.06.2024 00:25:17.952,20.49112,20.4898,900,1200
24.06.2024 00:25:22.867,20.4911,20.489539999999998,1000,1200
24.06.2024 00:25:26.224,20.49112,20.48941,1100,1400
24.06.2024 00:25:32.089,20.491169999999997,20.48993,700,1300
24.06.2024 00:25:37.351,20.49201,20.489900000000002,700,700
24.06.2024 00:25:37.403,20.492070000000002,20.49035,600,500
24.06.2024 00:25:38.906,20.49215,20.490550000000002,700,1000
24.06.2024 00:25:40.612,20.491169999999997,20.49029,500,1300
24.06.2024 00:25:40.713,20.491139999999998,20.489819999999998,1100,1100
24.06.2024 00:25:41.114,20.4917,20.489819999999998,900,1400
24.06.2024 00:25:42.734,20.492160000000002,20.49029,1200,600
24.06.2024 00:25:47.451,20.49211,20.490430000000003,1300,1300
24.06.2024 00:25:49.056,20.492140000000003,20.49057,900,1100
24.06.2024 00:25:50.110,20.492100000000004,20.4907,1100,1100
24.06.2024 00:25:57.477,20.492090000000005,20.490780000000004,800,500
24.06.2024 00:25:59.886,20.49216,20.49071,600,600
24.06.2024 00:26:02.241,20.49212,20.490410000000004,700,1100
24.06.2024 00:26:02.292,20.491159999999997,20.490390000000005,600,800
24.06.2024 00:26:02.443,20.491110000000003,20.48969,700,1000
24.06.2024 00:26:03.596,20.491170000000004,20.489819999999998,700,1300
24.06.2024 00:26:04.448,20.491130000000002,20.489900000000002,900,1100
24.06.2024 00:26:05.100,20.49113,20.490350000000003,800,500
24.06.2024 00:26:06.453,20.49112,20.489819999999998,700,1300
24.06.2024 00:26:09.059,20.491080000000004,20.489420000000003,1100,1000
24.06.2024 00:26:10.062,20.491110000000003,20.48928,600,1300
24.06.2024 00:26:11.565,20.491169999999997,20.48939,800,700
24.06.2024 00:26:12.017,20.49013,20.48936,1400,800
24.06.2024 00:26:12.919,20.49011,20.48931,1300,1100
24.06.2024 00:26:15.072,20.49015,20.48936,1000,500
24.06.2024 00:26:16.125,20.49016,20.4893,1100,1000
24.06.2024 00:26:18.882,20.490090000000002,20.48943,1300,500
24.06.2024 00:26:20.186,20.49107,20.48945,700,1100
24.06.2024 00:26:21.990,20.49014,20.489370000000005,1300,1000
24.06.2024 00:26:22.041,20.490090000000002,20.48862,1300,1000
24.06.2024 00:26:23.095,20.49012,20.488490000000002,1300,1000
24.06.2024 00:26:25.601,20.4891,20.48854,500,1300
24.06.2024 00:26:26.455,20.489169999999998,20.48798,1000,1400
24.06.2024 00:26:27.131,20.49013,20.488,1400,400
24.06.2024 00:26:27.833,20.4901,20.4889,400,1200
24.06.2024 00:26:35.505,20.49012,20.489060000000002,400,1300
24.06.2024 00:26:36.660,20.49013,20.488870000000002,500,1400
24.06.2024 00:26:43.277,20.49012,20.488350000000004,600,1000
24.06.2024 00:26:43.328,20.489120000000003,20.48775,900,800
24.06.2024 00:26:45.785,20.489140000000003,20.48757,700,800
24.06.2024 00:26:47.091,20.489110000000004,20.48788,900,900
24.06.2024 00:26:49.499,20.489170000000005,20.487440000000003,700,1300
24.06.2024 00:26:50.702,20.48915,20.48771,1400,600
24.06.2024 00:26:51.757,20.489079999999998,20.4875,500,900
24.06.2024 00:26:53.661,20.488120000000002,20.48753,1300,1200
24.06.2024 00:26:54.062,20.48913,20.487270000000002,1100,1000
24.06.2024 00:26:55.064,20.489150000000002,20.487460000000002,1100,400
24.06.2024 00:26:55.516,20.48809,20.487450000000003,1000,600
24.06.2024 00:26:55.567,20.48811,20.48683,1200,1200
24.06.2024 00:26:56.320,20.488090000000003,20.486349999999998,1400,600
24.06.2024 00:26:57.423,20.488100000000003,20.48645,400,1000
24.06.2024 00:26:58.476,20.488129999999998,20.48687,600,700
24.06.2024 00:27:00.932,20.488149999999997,20.48655,1400,1300
24.06.2024 00:27:02.285,20.488139999999998,20.486410000000003,700,400
24.06.2024 00:27:04.489,20.48818,20.4866,900,1000
24.06.2024 00:27:04.996,20.48712,20.485840000000003,800,500
24.06.2024 00:27:06.149,20.4871,20.4856,600,700
24.06.2024 00:27:07.201,20.4871,20.485400000000002,1000,600
24.06.2024 00:27:09.757,20.48717,20.48533,900,600
24.06.2024 00:27:10.259,20.48711,20.485790000000005,700,1300
24.06.2024 00:27:12.816,20.487180000000002,20.485290000000003,600,600
24.06.2024 00:27:13.894,20.48715,20.48547,1300,600
24.06.2024 00:27:15.248,20.48715,20.48533,1400,400
24.06.2024 00:27:17.508,20.48711,20.48567,400,1100
24.06.2024 00:27:18.610,20.48712,20.485580000000002,1000,1200
24.06.2024 00:27:19.913,20.48714,20.485860000000002,600,1100
24.06.2024 00:27:27.934,20.48716,20.48597,1400,600
24.06.2024 00:27:29.337,20.48711,20.4858,1000,600
24.06.2024 00:27:30.442,20.48715,20.485650000000003,900,1200
24.06.2024 00:27:31.745,20.487090000000002,20.48538,1000,1000
24.06.2024 00:27:33.201,20.4871,20.48514,900,800
24.06.2024 00:27:35.654,20.48707,20.48524,700,1100
24.06.2024 00:27:40.166,20.48712,20.48513,1200,1300
24.06.2024 00:27:42.573,20.48816,20.485120000000002,600,800
24.06.2024 00:27:42.775,20.48813,20.485870000000002,600,500
24.06.2024 00:27:43.827,20.488139999999998,20.48599,700,1000
24.06.2024 00:27:45.129,20.488139999999998,20.486140000000002,900,900
24.06.2024 00:27:46.432,20.488100000000003,20.486020000000003,1300,1400
24.06.2024 00:27:48.087,20.48807,20.48629,500,1300
24.06.2024 00:27:55.054,20.488110000000002,20.48661,700,1300
24.06.2024 00:28:03.026,20.4881,20.486280000000004,1200,400
24.06.2024 00:28:04.229,20.488079999999997,20.4864,500,500
24.06.2024 00:28:05.285,20.48813,20.485830000000004,1400,900
24.06.2024 00:28:07.589,20.48715,20.485800000000005,900,1100
24.06.2024 00:28:07.890,20.48714,20.485680000000002,500,900
24.06.2024 00:28:10.996,20.487080000000002,20.485940000000003,700,1000
24.06.2024 00:28:13.353,20.488159999999997,20.48594,1300,400
24.06.2024 00:28:15.208,20.488159999999997,20.48621,700,1200
24.06.2024 00:28:17.312,20.48816,20.486369999999997,1200,1200
24.06.2024 00:28:19.068,20.488100000000003,20.48622,1400,1000
24.06.2024 00:28:20.221,20.488090000000003,20.485840000000003,1200,1300
24.06.2024 00:28:22.376,20.488170000000004,20.485930000000003,1400,1000
24.06.2024 00:28:29.043,20.488159999999997,20.48557,1100,1100
24.06.2024 00:28:30.146,20.488100000000003,20.48612,1000,700
24.06.2024 00:28:33.904,20.488090000000003,20.48598,800,900
24.06.2024 00:28:34.507,20.48713,20.485979999999998,900,600
24.06.2024 00:28:35.410,20.48813,20.485910000000004,1400,1300
24.06.2024 00:28:40.070,20.48818,20.48617,1300,1300
24.06.2024 00:28:43.878,20.488080000000004,20.48607,1100,1300
24.06.2024 00:28:44.930,20.48812,20.485670000000002,800,1300
24.06.2024 00:28:45.432,20.48713,20.485720000000004,700,1100
24.06.2024 00:28:47.018,20.487090000000002,20.48545,1400,400
24.06.2024 00:28:51.130,20.48716,20.485480000000003,900,900
24.06.2024 00:28:54.141,20.488159999999997,20.485490000000002,600,1200
24.06.2024 00:28:55.245,20.48815,20.485840000000003,1200,800
24.06.2024 00:29:01.813,20.488090000000003,20.48603,1100,1100
24.06.2024 00:29:05.224,20.488120000000002,20.48618,1300,1300
24.06.2024 00:29:12.042,20.48807,20.486060000000002,1000,800
24.06.2024 00:29:15.252,20.488090000000003,20.486050000000002,900,600
24.06.2024 00:29:16.555,20.488120000000002,20.48592,400,900
24.06.2024 00:29:17.663,20.487080000000002,20.48596,900,400
24.06.2024 00:29:18.923,20.48714,20.48583,1000,1200
24.06.2024 00:29:22.830,20.48814,20.48585,1200,700
24.06.2024 00:29:26.686,20.48814,20.48608,1000,500
24.06.2024 00:29:28.942,20.488170000000004,20.486359999999998,800,1000
24.06.2024 00:29:32.800,20.488120000000002,20.48647,600,500
24.06.2024 00:29:34.405,20.488120000000002,20.48633,700,1300
24.06.2024 00:29:38.656,20.488170000000004,20.48608,1200,900
24.06.2024 00:29:40.112,20.48812,20.485979999999998,800,1300
24.06.2024 00:29:45.928,20.488090000000003,20.486359999999998,1200,900
24.06.2024 00:29:47.081,20.488100000000003,20.48619,1200,1200
24.06.2024 00:29:53.053,20.48812,20.486120000000003,1200,1200
24.06.2024 00:29:53.906,20.48714,20.48611,600,1300
24.06.2024 00:29:54.258,20.48711,20.48591,1100,1300
24.06.2024 00:29:54.409,20.488120000000002,20.485920000000004,1900,900
24.06.2024 00:29:55.311,20.48815,20.48572,800,500
24.06.2024 00:29:56.264,20.48712,20.48575,800,1200
24.06.2024 00:29:56.314,20.48713,20.484869999999997,400,1000
24.06.2024 00:29:57.418,20.487080000000002,20.4857,1200,900
24.06.2024 00:29:58.521,20.4871,20.48555,500,600
24.06.2024 00:29:59.574,20.48814,20.48571,400,800
24.06.2024 00:30:00.632,20.488120000000002,20.4861,500,900
24.06.2024 00:30:03.138,20.48811,20.48604,900,900
24.06.2024 00:30:04.642,20.48811,20.486130000000003,1200,1200
24.06.2024 00:30:08.901,20.488110000000002,20.486300000000004,1200,800
24.06.2024 00:30:09.153,20.48814,20.48693,1200,500
24.06.2024 00:30:09.304,20.4881,20.48733,1300,1300
24.06.2024 00:30:12.561,20.48815,20.487560000000002,700,600
24.06.2024 00:30:13.865,20.48915,20.48762,600,900
24.06.2024 00:30:15.068,20.489140000000003,20.487840000000002,700,600
24.06.2024 00:30:16.121,20.48912,20.4877,900,900
24.06.2024 00:30:17.776,20.4891,20.487779999999997,800,1400
24.06.2024 00:30:18.128,20.490180000000002,20.487849999999998,700,900
24.06.2024 00:30:18.680,20.48912,20.48779,1400,800
24.06.2024 00:30:19.682,20.49013,20.487859999999998,500,1300
24.06.2024 00:30:20.252,20.4901,20.488129999999998,1000,700
24.06.2024 00:30:20.704,20.48911,20.48809,900,600
24.06.2024 00:30:21.357,20.48911,20.48788,1400,900
24.06.2024 00:30:22.610,20.489150000000002,20.48798,900,1100
24.06.2024 00:30:24.969,20.489110000000004,20.48779,400,1300
24.06.2024 00:30:28.483,20.489090000000004,20.48799,1000,1200
24.06.2024 00:30:30.938,20.48916,20.487779999999997,1200,1100
24.06.2024 00:30:31.840,20.490170000000003,20.48788,900,1200
24.06.2024 00:30:32.042,20.49014,20.488129999999998,1200,800
24.06.2024 00:30:34.248,20.4901,20.487920000000003,600,1200
24.06.2024 00:30:34.550,20.48909,20.488,400,1200
24.06.2024 00:30:35.404,20.48912,20.48774,500,500
24.06.2024 00:30:37.608,20.489100000000004,20.488,700,1300
24.06.2024 00:30:38.611,20.489990000000002,20.488,800,900
24.06.2024 00:30:38.862,20.49011,20.4878,1300,600
24.06.2024 00:30:39.864,20.49017,20.48767,500,500
24.06.2024 00:30:40.966,20.489169999999998,20.488,1300,600
24.06.2024 00:30:42.519,20.48916,20.487849999999998,900,1000
24.06.2024 00:30:44.824,20.48914,20.48789,500,1100
24.06.2024 00:30:48.683,20.489160000000002,20.48762,1300,600
24.06.2024 00:30:49.738,20.489130000000003,20.4879,1400,800
24.06.2024 00:30:51.040,20.489160000000002,20.48752,1200,800
24.06.2024 00:30:52.092,20.489150000000002,20.48761,900,400
24.06.2024 00:30:53.096,20.489169999999998,20.487679999999997,1400,1200
24.06.2024 00:30:58.056,20.489110000000004,20.487460000000002,1200,800
24.06.2024 00:31:00.162,20.48918,20.48796,700,1200
24.06.2024 00:31:04.173,20.489090000000004,20.487650000000002,400,500
24.06.2024 00:31:04.274,20.489980000000003,20.48769,800,1000
24.06.2024 00:31:05.328,20.49016,20.487750000000002,800,900
24.06.2024 00:31:06.580,20.49014,20.48795,1000,1000
24.06.2024 00:31:08.063,20.49012,20.48767,1200,1000
24.06.2024 00:31:08.514,20.489080000000005,20.48768,1000,1100
24.06.2024 00:31:09.567,20.48918,20.48792,1300,700
24.06.2024 00:31:10.720,20.48912,20.487470000000002,800,1100
24.06.2024 00:31:13.527,20.49017,20.487540000000003,500,600
24.06.2024 00:31:14.228,20.489130000000003,20.48753,900,1100
24.06.2024 00:31:16.132,20.489110000000004,20.48781,900,800
24.06.2024 00:31:17.037,20.489100000000004,20.4873,700,700
24.06.2024 00:31:17.542,20.48914,20.4879,1400,500
24.06.2024 00:31:17.794,20.49012,20.487900000000003,500,800
24.06.2024 00:31:18.305,20.49015,20.488290000000003,1000,1200
24.06.2024 00:31:19.658,20.490090000000002,20.48857,500,1300
24.06.2024 00:31:21.113,20.49016,20.48894,1200,1300
24.06.2024 00:31:22.116,20.4901,20.488760000000003,400,800
24.06.2024 00:31:22.668,20.49104,20.488770000000002,1100,1200
24.06.2024 00:31:23.220,20.491159999999997,20.48878,1200,800
24.06.2024 00:31:25.075,20.491149999999998,20.489060000000002,700,800
24.06.2024 00:31:29.637,20.491149999999998,20.48905,700,1200
24.06.2024 00:31:30.390,20.49015,20.48906,1200,1300
24.06.2024 00:31:30.942,20.49008,20.489150000000002,1100,400
24.06.2024 00:31:31.945,20.49015,20.488960000000002,1000,600
24.06.2024 00:31:37.208,20.49007,20.489160000000002,1200,900
24.06.2024 00:31:42.772,20.4901,20.489079999999998,1300,500
24.06.2024 00:31:47.081,20.490090000000002,20.48876,400,1300
24.06.2024 00:31:48.734,20.49014,20.488870000000002,1300,900
24.06.2024 00:31:50.990,20.490180000000002,20.489140000000003,600,1000
24.06.2024 00:31:53.397,20.49012,20.489079999999998,1100,600
24.06.2024 00:31:54.871,20.49013,20.489210000000003,600,500
24.06.2024 00:31:56.626,20.49017,20.489069999999998,700,1400
24.06.2024 00:31:57.730,20.49008,20.489240000000002,800,500
24.06.2024 00:32:00.692,20.490080000000003,20.48919,1200,700
24.06.2024 00:32:05.602,20.49016,20.488990000000005,500,700
24.06.2024 00:32:07.308,20.49013,20.489130000000003,400,700
24.06.2024 00:32:09.617,20.4901,20.48836,500,1200
24.06.2024 00:32:10.120,20.48907,20.488419999999998,500,1100
24.06.2024 00:32:11.076,20.48915,20.488,600,1100
24.06.2024 00:32:12.529,20.489140000000003,20.48764,400,1200
24.06.2024 00:32:13.931,20.48916,20.487530000000003,1200,1300
24.06.2024 00:32:16.338,20.489100000000004,20.48801,800,1000
24.06.2024 00:32:17.642,20.48915,20.487460000000002,500,1300
24.06.2024 00:32:18.999,20.48915,20.48759,700,1300
24.06.2024 00:32:20.052,20.489090000000004,20.487840000000002,600,800
24.06.2024 00:32:21.355,20.489160000000002,20.48749,1300,1200
24.06.2024 00:32:22.758,20.489130000000003,20.48718,1200,1400
24.06.2024 00:32:25.966,20.489120000000003,20.486970000000003,600,400
24.06.2024 00:32:27.169,20.48913,20.48735,1300,1000
24.06.2024 00:32:29.775,20.48812,20.48731,500,700
24.06.2024 00:32:29.825,20.488090000000003,20.486680000000003,1000,1300
24.06.2024 00:32:29.977,20.488079999999997,20.48616,500,700
24.06.2024 00:32:31.080,20.4881,20.486420000000003,600,1100
24.06.2024 00:32:33.936,20.48807,20.487070000000003,1400,900
24.06.2024 00:32:34.765,20.48812,20.487440000000003,700,1100
24.06.2024 00:32:35.968,20.48812,20.487379999999998,1200,500
24.06.2024 00:32:36.319,20.489170000000005,20.487370000000002,600,400
24.06.2024 00:32:36.972,20.489169999999998,20.48758,1000,1000
24.06.2024 00:32:42.739,20.48918,20.487450000000003,700,1200
24.06.2024 00:32:45.500,20.48911,20.487550000000002,1100,1000
24.06.2024 00:32:47.153,20.489160000000002,20.48749,700,600
24.06.2024 00:32:51.067,20.48912,20.4876,1000,1300
24.06.2024 00:32:53.124,20.4891,20.48748,1000,1000
24.06.2024 00:32:54.176,20.48912,20.487540000000003,1100,1100
24.06.2024 00:32:55.428,20.48909,20.487460000000002,400,900
24.06.2024 00:32:58.588,20.489169999999998,20.48735,900,500
24.06.2024 00:33:00.945,20.48918,20.487550000000002,1200,900
24.06.2024 00:33:07.862,20.48916,20.48774,400,1200
24.06.2024 00:33:10.172,20.48915,20.48734,800,1000
24.06.2024 00:33:10.773,20.49014,20.48731,700,1400
24.06.2024 00:33:11.325,20.49015,20.48812,500,900
24.06.2024 00:33:12.529,20.49017,20.487940000000002,1000,1200
24.06.2024 00:33:14.936,20.49007,20.48806,600,1100
24.06.2024 00:33:17.192,20.490080000000003,20.487930000000002,900,1200
24.06.2024 00:33:17.292,20.48915,20.487920000000003,1400,1100
24.06.2024 00:33:18.796,20.489100000000004,20.487550000000002,900,1300
24.06.2024 00:33:20.099,20.48913,20.487410000000004,1300,600
24.06.2024 00:33:21.202,20.489160000000002,20.48759,400,700
24.06.2024 00:33:24.423,20.489140000000003,20.487770000000005,1100,1200
24.06.2024 00:33:26.980,20.48915,20.48776,1300,600
24.06.2024 00:33:30.339,20.489100000000004,20.488010000000003,800,1000
24.06.2024 00:33:31.992,20.489160000000002,20.48781,1400,500
24.06.2024 00:33:32.894,20.490090000000002,20.48776,1400,500
24.06.2024 00:33:33.499,20.49016,20.48768,600,1300
24.06.2024 00:33:34.602,20.49011,20.48777,1200,900
24.06.2024 00:33:35.654,20.4901,20.4877,600,800
24.06.2024 00:33:36.907,20.49012,20.48777,1100,1300
24.06.2024 00:33:46.378,20.490180000000002,20.48768,600,1400
24.06.2024 00:33:49.083,20.49007,20.48752,700,1000
24.06.2024 00:33:54.396,20.48909,20.48753,900,700
24.06.2024 00:33:59.059,20.48915,20.488090000000003,600,1300
24.06.2024 00:34:00.163,20.490090000000002,20.48805,800,400
24.06.2024 00:34:00.265,20.490090000000002,20.488670000000003,1200,900
24.06.2024 00:34:00.366,20.49012,20.487640000000003,600,800
24.06.2024 00:34:01.618,20.489150000000002,20.48771,1000,1100
24.06.2024 00:34:01.769,20.48918,20.488020000000002,400,600
24.06.2024 00:34:05.879,20.489110000000004,20.4878,1300,800
24.06.2024 00:34:15.197,20.48909,20.488000000000003,800,800
24.06.2024 00:34:16.588,20.489169999999998,20.48769,500,1100
24.06.2024 00:34:17.642,20.48916,20.48795,1000,400
24.06.2024 00:34:18.698,20.48911,20.48768,900,700
24.06.2024 00:34:27.524,20.48809,20.48711,1400,1300
24.06.2024 00:34:27.676,20.488159999999997,20.486170000000005,500,500
24.06.2024 00:34:29.029,20.48813,20.486470000000004,400,700
24.06.2024 00:34:31.384,20.48816,20.48641,1400,400
24.06.2024 00:34:34.795,20.48809,20.486080000000005,1200,1400
24.06.2024 00:34:37.851,20.48809,20.486250000000002,800,400
24.06.2024 00:34:40.058,20.48713,20.48626,900,700
24.06.2024 00:34:40.209,20.487090000000002,20.48594,1100,1200
24.06.2024 00:34:48.880,20.488080000000004,20.48601,400,600
24.06.2024 00:34:49.532,20.48816,20.48611,1300,800
24.06.2024 00:34:51.636,20.48818,20.48595,1000,500
24.06.2024 00:34:53.189,20.488159999999997,20.48575,800,800
24.06.2024 00:34:55.243,20.488080000000004,20.48601,600,600
24.06.2024 00:34:56.798,20.48707,20.48599,500,1300
24.06.2024 00:34:57.950,20.48716,20.485660000000003,1300,1000
24.06.2024 00:34:59.253,20.48712,20.48553,1200,800
24.06.2024 00:35:01.360,20.48712,20.485870000000006,1100,1000
24.06.2024 00:35:06.423,20.487090000000002,20.48576,800,1300
24.06.2024 00:35:09.080,20.4871,20.48509,800,700
24.06.2024 00:35:09.281,20.48616,20.485110000000002,1300,900
24.06.2024 00:35:09.883,20.48716,20.48515,800,900
24.06.2024 00:35:09.934,20.48717,20.485390000000002,800,500
24.06.2024 00:35:11.689,20.487180000000002,20.48561,600,1200
24.06.2024 00:35:17.204,20.48711,20.485910000000004,500,1200
24.06.2024 00:35:22.472,20.487180000000002,20.4858,1300,500
24.06.2024 00:35:28.285,20.4871,20.486000000000004,500,800
24.06.2024 00:35:29.738,20.48714,20.485709999999997,1100,700
24.06.2024 00:35:30.991,20.48712,20.48579,900,800
24.06.2024 00:35:36.855,20.48714,20.485670000000002,1100,1000
24.06.2024 00:35:37.958,20.48713,20.485770000000002,800,400
24.06.2024 00:35:38.760,20.487090000000002,20.485030000000002,800,500
24.06.2024 00:35:38.961,20.486169999999998,20.48506,1200,600
24.06.2024 00:35:39.815,20.48618,20.484650000000002,800,900
24.06.2024 00:35:42.232,20.48616,20.484569999999998,1400,1200
24.06.2024 00:35:46.595,20.4861,20.48444,1000,1100
24.06.2024 00:35:47.647,20.486150000000002,20.484579999999998,600,1200
24.06.2024 00:35:50.703,20.486130000000003,20.48411,1000,1000
24.06.2024 00:35:53.265,20.486140000000002,20.48535,1400,1100
24.06.2024 00:35:54.271,20.48611,20.48542,1200,1400
24.06.2024 00:35:55.374,20.48613,20.485170000000004,400,1200
24.06.2024 00:35:56.577,20.48618,20.48543,500,1000
24.06.2024 00:35:57.079,20.487080000000002,20.48542,700,600
24.06.2024 00:35:57.781,20.487090000000002,20.48583,400,800
24.06.2024 00:36:01.491,20.48712,20.4859,1000,900
24.06.2024 00:36:02.193,20.48803,20.48599,1000,900
24.06.2024 00:36:02.344,20.488090000000003,20.486810000000002,600,800
24.06.2024 00:36:02.395,20.4888,20.486810000000002,1000,500
24.06.2024 00:36:02.445,20.489120000000003,20.48748,800,800
24.06.2024 00:36:03.548,20.48911,20.48734,1200,600
24.06.2024 00:36:04.652,20.489120000000003,20.48723,1300,700
24.06.2024 00:36:07.408,20.48915,20.48733,600,1100
24.06.2024 00:36:09.564,20.48914,20.48769,700,900
24.06.2024 00:36:10.817,20.4891,20.48788,1200,1100
24.06.2024 00:36:11.821,20.48916,20.4876,900,900
24.06.2024 00:36:14.076,20.489090000000004,20.48785,1000,400
24.06.2024 00:36:28.290,20.489090000000004,20.48805,1200,800
24.06.2024 00:36:29.393,20.489079999999998,20.487820000000003,1200,1200
24.06.2024 00:36:36.719,20.489120000000003,20.4875,1000,900
24.06.2024 00:36:39.076,20.489120000000003,20.48758,800,1300
24.06.2024 00:36:44.292,20.48916,20.487460000000002,800,1400
24.06.2024 00:36:45.744,20.489080000000005,20.48759,700,600
24.06.2024 00:36:53.266,20.489170000000005,20.48752,700,800
24.06.2024 00:36:55.722,20.48909,20.48771,1000,400
24.06.2024 00:36:58.429,20.48916,20.48764,1100,1000
24.06.2024 00:37:00.536,20.489100000000004,20.4877,600,1000
24.06.2024 00:37:04.094,20.489120000000003,20.48786,1000,800
24.06.2024 00:37:04.946,20.490090000000002,20.48787,1300,900
24.06.2024 00:37:05.048,20.4901,20.488590000000002,400,1300
24.06.2024 00:37:06.200,20.49011,20.48879,1300,600
24.06.2024 00:37:29.091,20.49014,20.488480000000003,1300,900
24.06.2024 00:37:29.442,20.48911,20.48851,500,1100
24.06.2024 00:37:30.394,20.489080000000005,20.4879,1000,700
24.06.2024 00:37:31.899,20.48913,20.488,800,1000
24.06.2024 00:37:32.953,20.489120000000003,20.48787,1300,1200
24.06.2024 00:37:37.116,20.489150000000002,20.48772,600,800
24.06.2024 00:37:38.472,20.48907,20.48785,700,700
24.06.2024 00:37:39.524,20.4891,20.48772,400,600
24.06.2024 00:37:40.576,20.489150000000002,20.48762,800,1000
24.06.2024 00:37:41.579,20.4891,20.487830000000002,1200,1100
24.06.2024 00:37:44.988,20.489150000000002,20.48775,1300,1200
24.06.2024 00:37:46.491,20.48915,20.48794,600,1300
24.06.2024 00:37:48.044,20.489130000000003,20.48787,1200,1000
24.06.2024 00:37:49.698,20.4891,20.488,700,600
24.06.2024 00:38:01.122,20.4891,20.487840000000002,1400,900
24.06.2024 00:38:06.740,20.489170000000005,20.48762,1200,1000
24.06.2024 00:38:09.352,20.489090000000004,20.48773,1200,1100
24.06.2024 00:38:10.654,20.489100000000004,20.48765,700,1300
24.06.2024 00:38:15.616,20.48915,20.48771,1200,1000
24.06.2024 00:38:16.821,20.489080000000005,20.48763,400,500
24.06.2024 00:38:18.824,20.489169999999998,20.48771,600,1400
24.06.2024 00:38:23.185,20.489160000000002,20.48753,400,1300
24.06.2024 00:38:32.307,20.48915,20.487410000000004,900,700
24.06.2024 00:38:33.662,20.489120000000003,20.48744,700,1300
24.06.2024 00:38:35.365,20.489090000000004,20.487320000000004,1200,1000
24.06.2024 00:38:36.418,20.48911,20.48761,1200,1300
24.06.2024 00:38:38.078,20.48916,20.48773,1400,500
24.06.2024 00:38:44.645,20.48909,20.487650000000002,1000,600
24.06.2024 00:38:47.652,20.48907,20.48748,800,1100
24.06.2024 00:38:53.014,20.4891,20.4876,1300,900
24.06.2024 00:39:01.837,20.48916,20.48751,400,400
24.06.2024 00:39:02.839,20.4891,20.48761,1200,500
24.06.2024 00:39:04.342,20.48909,20.48773,600,800
24.06.2024 00:39:06.927,20.489130000000003,20.4879,1000,800
24.06.2024 00:39:09.284,20.48913,20.48796,700,1100
24.06.2024 00:39:14.197,20.489080000000005,20.48786,1300,900
24.06.2024 00:39:15.452,20.489169999999998,20.48772,800,900
24.06.2024 00:39:16.706,20.48916,20.487840000000002,400,600
24.06.2024 00:39:18.410,20.489169999999998,20.487759999999998,500,1300
24.06.2024 00:39:19.519,20.489140000000003,20.48749,1000,1200
24.06.2024 00:39:25.984,20.489140000000003,20.48728,700,900
24.06.2024 00:39:39.921,20.488169999999997,20.48693,900,400
24.06.2024 00:39:41.274,20.488159999999997,20.48722,1000,1400
24.06.2024 00:39:42.428,20.48807,20.487330000000004,500,1200
24.06.2024 00:39:44.833,20.488079999999997,20.48749,800,600
24.06.2024 00:39:45.334,20.489090000000004,20.48749,600,1200
24.06.2024 00:39:45.885,20.48916,20.487470000000002,600,500
24.06.2024 00:39:47.088,20.489169999999998,20.48758,1300,500
24.06.2024 00:39:50.346,20.48907,20.48832,700,1000
24.06.2024 00:39:50.898,20.489120000000003,20.487690000000004,1200,500
24.06.2024 00:39:52.099,20.489090000000004,20.48771,1000,900
24.06.2024 00:39:56.812,20.48913,20.487740000000002,1100,500
24.06.2024 00:39:59.182,20.489140000000003,20.487560000000002,1100,600
24.06.2024 00:40:00.235,20.48918,20.4875,800,1000
24.06.2024 00:40:02.390,20.48913,20.4877,1200,800
24.06.2024 00:40:04.643,20.489160000000002,20.4875,400,600
24.06.2024 00:40:23.090,20.489080000000005,20.487120000000004,1400,1100
24.06.2024 00:40:24.594,20.48815,20.487120000000004,1200,800
24.06.2024 00:40:25.748,20.488090000000003,20.486610000000002,700,900
24.06.2024 00:40:26.851,20.48816,20.48654,600,1200
24.06.2024 00:40:29.407,20.488100000000003,20.48575,1300,500
24.06.2024 00:40:30.510,20.488120000000002,20.485889999999998,400,900
24.06.2024 00:40:30.612,20.48712,20.485840000000003,600,800
24.06.2024 00:40:31.865,20.48716,20.48554,1200,500
24.06.2024 00:40:33.068,20.48708,20.48585,1000,700
24.06.2024 00:40:34.122,20.48717,20.48585,700,1100
24.06.2024 00:40:35.375,20.48713,20.485670000000002,600,1300
24.06.2024 00:40:44.911,20.4871,20.485180000000003,700,1200
24.06.2024 00:40:46.218,20.48711,20.485590000000002,1400,600
24.06.2024 00:40:47.221,20.48711,20.48491,1300,1000
24.06.2024 00:40:48.324,20.48714,20.48502,1300,1300
24.06.2024 00:40:49.476,20.48712,20.48537,800,1200
24.06.2024 00:40:50.687,20.48712,20.48497,1400,1100
24.06.2024 00:40:51.739,20.48715,20.485070000000004,1000,1200
24.06.2024 00:40:55.248,20.48714,20.485519999999998,500,500
24.06.2024 00:40:56.250,20.48711,20.48507,1200,1300
24.06.2024 00:40:57.404,20.48708,20.48506,900,1200
24.06.2024 00:40:58.808,20.48717,20.48506,600,1100
24.06.2024 00:41:01.114,20.4871,20.485120000000002,1200,1200
24.06.2024 00:41:01.666,20.486159999999998,20.485190000000003,800,1000
24.06.2024 00:41:01.917,20.48612,20.484620000000003,1000,500
24.06.2024 00:41:03.071,20.486080000000005,20.48454,1200,400
24.06.2024 00:41:06.630,20.48611,20.4844,1100,600
24.06.2024 00:41:08.134,20.486120000000003,20.4847,1200,500
24.06.2024 00:41:09.339,20.487090000000002,20.48466,600,1300
24.06.2024 00:41:09.940,20.48711,20.48537,1300,600
24.06.2024 00:41:11.044,20.48714,20.485200000000003,800,1300
24.06.2024 00:41:12.849,20.486090000000004,20.48525,1200,1100
24.06.2024 00:41:13.602,20.48614,20.484910000000003,500,900
24.06.2024 00:41:14.705,20.48714,20.484930000000002,1100,400
24.06.2024 00:41:14.755,20.48717,20.484949999999998,1000,900
24.06.2024 00:41:19.118,20.48711,20.485170000000004,1200,1300
24.06.2024 00:41:23.132,20.48714,20.48509,600,700
24.06.2024 00:41:23.183,20.486130000000003,20.48505,1400,1200
24.06.2024 00:41:23.685,20.48715,20.485090000000003,600,1300
24.06.2024 00:41:23.736,20.486159999999998,20.48504,700,700
24.06.2024 00:41:24.689,20.48613,20.484620000000003,600,600
24.06.2024 00:41:32.281,20.486100000000004,20.4848,1000,600
24.06.2024 00:41:34.840,20.48612,20.484650000000002,900,1200
24.06.2024 00:41:35.844,20.48618,20.484370000000002,500,900
24.06.2024 00:41:36.898,20.4861,20.48449,600,1300
24.06.2024 00:41:38.102,20.48612,20.48443,500,900
24.06.2024 00:41:39.207,20.486079999999998,20.48466,500,800
24.06.2024 00:41:46.829,20.48613,20.48478,600,800
24.06.2024 00:41:49.289,20.486100000000004,20.484630000000003,400,400
24.06.2024 00:41:50.492,20.486159999999998,20.48452,1100,600
24.06.2024 00:41:51.794,20.486090000000004,20.484330000000003,400,800
24.06.2024 00:41:54.799,20.48614,20.484090000000002,1300,1100
24.06.2024 00:41:55.651,20.4851,20.484060000000003,1100,1300
24.06.2024 00:41:55.702,20.485120000000002,20.48338,800,800
24.06.2024 00:41:58.159,20.485159999999997,20.48336,1000,900
24.06.2024 00:41:58.661,20.48516,20.48383,400,500
24.06.2024 00:41:59.463,20.486150000000002,20.48383,500,1400
24.06.2024 00:41:59.714,20.486090000000004,20.483890000000002,800,700
24.06.2024 00:42:00.666,20.4851,20.48395,900,900
24.06.2024 00:42:00.767,20.48513,20.48383,1200,1000
24.06.2024 00:42:01.118,20.486079999999998,20.483810000000002,1300,400
24.06.2024 00:42:01.369,20.48515,20.48378,800,600
24.06.2024 00:42:03.124,20.485079999999996,20.48358,1400,700
24.06.2024 00:42:04.977,20.48509,20.48366,600,600
24.06.2024 00:42:06.181,20.48509,20.483520000000002,1000,400
24.06.2024 00:42:08.387,20.48515,20.483320000000003,1100,1200
24.06.2024 00:42:10.441,20.48415,20.48331,1000,1000
24.06.2024 00:42:10.893,20.48407,20.48288,900,1400
24.06.2024 00:42:11.998,20.48417,20.4828,700,1100
24.06.2024 00:42:13.101,20.48416,20.48272,1200,600
24.06.2024 00:42:14.805,20.48412,20.48189,900,600
24.06.2024 00:42:22.254,20.484090000000002,20.48234,700,1300
24.06.2024 00:42:24.257,20.485060000000004,20.48236,800,600
24.06.2024 00:42:24.508,20.48511,20.48275,1000,900
24.06.2024 00:42:25.510,20.484090000000002,20.48274,1100,1100
24.06.2024 00:42:25.561,20.484180000000002,20.48236,900,1100
24.06.2024 00:42:28.923,20.48412,20.481810000000003,1100,1400
24.06.2024 00:42:30.977,20.48417,20.48178,800,400
24.06.2024 00:42:33.835,20.48415,20.48255,1300,1300
24.06.2024 00:42:34.537,20.48415,20.4815,600,900
24.06.2024 00:42:37.443,20.48417,20.48191,1300,600
24.06.2024 00:42:38.700,20.48411,20.48178,700,500
24.06.2024 00:42:40.103,20.48415,20.482120000000002,500,1300
24.06.2024 00:42:41.206,20.4841,20.48189,800,900
24.06.2024 00:42:43.361,20.4841,20.482039999999998,900,1000
24.06.2024 00:42:44.464,20.48416,20.48267,700,500
24.06.2024 00:42:45.868,20.48417,20.482310000000002,900,700
24.06.2024 00:42:46.921,20.484170000000002,20.48185,1300,1200
24.06.2024 00:42:48.074,20.48415,20.48235,1100,600
24.06.2024 00:42:49.177,20.48407,20.48208,500,700
24.06.2024 00:42:50.330,20.48412,20.482210000000002,800,800
24.06.2024 00:42:53.538,20.48411,20.482440000000004,700,500
24.06.2024 00:42:54.692,20.4841,20.48224,600,900
24.06.2024 00:42:55.796,20.48417,20.48181,600,400
24.06.2024 00:42:56.900,20.48412,20.481939999999998,1300,1000
24.06.2024 00:42:58.203,20.48417,20.481920000000002,800,900
24.06.2024 00:42:59.507,20.484180000000002,20.48218,1100,1100
24.06.2024 00:43:00.610,20.48411,20.48203,1100,800
24.06.2024 00:43:05.726,20.48417,20.48219,1000,1000
24.06.2024 00:43:07.030,20.48412,20.4819,1200,1400
24.06.2024 00:43:09.086,20.4841,20.482219999999998,1100,900
24.06.2024 00:43:10.889,20.48414,20.48217,700,1400
24.06.2024 00:43:12.044,20.48417,20.481980000000004,900,700
24.06.2024 00:43:13.097,20.4841,20.48194,1000,700
24.06.2024 00:43:14.403,20.48416,20.481659999999998,900,1400
24.06.2024 00:43:15.855,20.48415,20.48189,1400,800
24.06.2024 00:43:17.158,20.48412,20.48198,500,800
24.06.2024 00:43:18.212,20.48415,20.482110000000002,1100,1200
24.06.2024 00:43:19.466,20.48411,20.48218,500,1000
24.06.2024 00:43:19.918,20.48417,20.482970000000005,600,400
24.06.2024 00:43:20.526,20.484090000000002,20.482000000000003,900,500
24.06.2024 00:43:21.779,20.484090000000002,20.481830000000002,900,600
24.06.2024 00:43:23.633,20.48414,20.482660000000003,800,1300
24.06.2024 00:43:23.784,20.4841,20.48199,1000,700
24.06.2024 00:43:25.639,20.48309,20.48206,1300,400
24.06.2024 00:43:25.941,20.483130000000003,20.481370000000002,1200,800
24.06.2024 00:43:25.992,20.48215,20.481350000000003,400,1300
24.06.2024 00:43:27.095,20.48228,20.481450000000002,600,600
24.06.2024 00:43:28.349,20.482300000000002,20.481720000000003,1300,600
24.06.2024 00:43:30.053,20.484090000000002,20.48178,1000,500
24.06.2024 00:43:31.456,20.48314,20.481740000000002,1400,600
24.06.2024 00:43:32.759,20.48415,20.481740000000002,500,700
24.06.2024 00:43:33.110,20.483100000000004,20.481730000000002,800,400
24.06.2024 00:43:36.470,20.48416,20.481740000000002,1400,700
24.06.2024 00:43:36.571,20.48416,20.48213,700,1200
24.06.2024 00:43:38.877,20.484180000000002,20.48196,900,900
24.06.2024 00:43:40.180,20.48417,20.48188,1300,1200
24.06.2024 00:43:40.732,20.483159999999998,20.481810000000003,700,1300
24.06.2024 00:43:41.183,20.48314,20.48175,1200,600
24.06.2024 00:43:42.236,20.48312,20.481820000000003,800,600
24.06.2024 00:43:45.043,20.48416,20.481810000000003,900,600
24.06.2024 00:43:45.695,20.48314,20.481450000000002,900,1000
24.06.2024 00:43:46.899,20.483140000000002,20.481740000000002,1100,400
24.06.2024 00:43:50.325,20.48316,20.48183,1300,600
24.06.2024 00:43:52.832,20.48314,20.48166,700,800
24.06.2024 00:43:53.987,20.483080000000005,20.48185,500,1100
24.06.2024 00:43:57.048,20.48417,20.482170000000004,1300,1100
24.06.2024 00:43:57.200,20.483150000000002,20.48117,700,1200
24.06.2024 00:43:58.355,20.483150000000002,20.481270000000002,1000,800
24.06.2024 00:44:04.871,20.48313,20.481569999999998,700,900
24.06.2024 00:44:06.077,20.483170000000005,20.48139,600,800
24.06.2024 00:44:07.180,20.483100000000004,20.48132,1100,1100
24.06.2024 00:44:11.647,20.48314,20.4814,500,900
24.06.2024 00:44:13.451,20.48316,20.48128,1300,1400
24.06.2024 00:44:15.706,20.483110000000003,20.481469999999998,900,1000
24.06.2024 00:44:19.212,20.483100000000004,20.48159,1000,1300
24.06.2024 00:44:25.679,20.483140000000002,20.48167,600,1400
24.06.2024 00:44:26.782,20.48315,20.48161,1300,1100
24.06.2024 00:44:27.836,20.48414,20.4819,1200,600
24.06.2024 00:44:28.337,20.48417,20.48275,900,1100
24.06.2024 00:44:29.391,20.4841,20.48235,1100,1200
24.06.2024 00:44:30.493,20.48416,20.48261,600,1200
24.06.2024 00:44:31.595,20.48413,20.4827,700,1300
24.06.2024 00:44:32.649,20.4841,20.48286,1200,1000
24.06.2024 00:44:33.302,20.48494,20.482800000000005,900,900
24.06.2024 00:44:33.352,20.48514,20.483310000000003,1000,700
24.06.2024 00:44:34.506,20.485080000000004,20.48345,1200,1100
24.06.2024 00:44:35.810,20.485149999999997,20.483940000000004,1100,600
24.06.2024 00:44:36.863,20.485139999999998,20.48355,1400,1100
24.06.2024 00:44:39.295,20.48513,20.483210000000003,600,1400
24.06.2024 00:44:39.495,20.48416,20.48319,1400,1300
24.06.2024 00:44:40.097,20.484090000000002,20.48282,900,1200
24.06.2024 00:44:42.152,20.48414,20.48215,800,1000
24.06.2024 00:44:43.207,20.484180000000002,20.482650000000003,500,900
24.06.2024 00:44:45.462,20.48412,20.482550000000003,700,600
24.06.2024 00:44:51.180,20.484080000000002,20.482580000000002,800,900
24.06.2024 00:45:01.111,20.484180000000002,20.48261,400,900
24.06.2024 00:45:02.113,20.484170000000002,20.48244,600,600
24.06.2024 00:45:05.219,20.48414,20.482530000000004,700,1200
24.06.2024 00:45:09.330,20.484090000000002,20.48271,700,1000
24.06.2024 00:45:10.433,20.48411,20.482460000000003,1000,1100
24.06.2024 00:45:13.087,20.484080000000002,20.48241,1100,1000
24.06.2024 00:45:17.047,20.48416,20.482570000000003,800,800
24.06.2024 00:45:19.706,20.48414,20.48232,600,1100
24.06.2024 00:45:22.212,20.48411,20.482540000000004,700,1300
24.06.2024 00:45:23.468,20.48412,20.48248,400,1300
24.06.2024 00:45:24.540,20.4841,20.482560000000003,1400,700
24.06.2024 00:45:30.455,20.48413,20.481959999999997,900,900
24.06.2024 00:45:32.662,20.483170000000005,20.481939999999998,1400,1100
24.06.2024 00:45:32.913,20.48415,20.48192,600,800
24.06.2024 00:45:33.064,20.48411,20.48182,500,1000
24.06.2024 00:45:34.667,20.48411,20.48119,700,1400
24.06.2024 00:45:35.119,20.484730000000003,20.48122,700,500
24.06.2024 00:45:35.871,20.48419,20.48151,700,1300
24.06.2024 00:45:37.374,20.48454,20.4814,700,1000
24.06.2024 00:45:38.125,20.48414,20.4814,1300,600
24.06.2024 00:45:38.477,20.484080000000002,20.481630000000003,1000,1200
24.06.2024 00:45:40.832,20.484090000000002,20.481730000000002,800,1000
24.06.2024 00:45:42.587,20.483970000000003,20.48147,1200,800
24.06.2024 00:45:46.645,20.483970000000003,20.481360000000002,700,500
24.06.2024 00:45:51.108,20.48383,20.481350000000003,700,1200
24.06.2024 00:45:52.264,20.48369,20.48102,1000,500
24.06.2024 00:45:53.669,20.48381,20.481180000000002,800,1000
24.06.2024 00:45:54.672,20.4836,20.48098,1100,700
24.06.2024 00:45:57.679,20.483150000000002,20.481,400,500
24.06.2024 00:45:58.682,20.48315,20.480610000000002,800,600
24.06.2024 00:46:06.647,20.48315,20.480050000000002,600,1000
24.06.2024 00:46:07.999,20.483100000000004,20.47992,1000,1200
24.06.2024 00:46:08.752,20.483420000000002,20.4809,1300,500
24.06.2024 00:46:09.005,20.483040000000003,20.48089,900,800
24.06.2024 00:46:10.007,20.48316,20.480840000000004,1000,1000
24.06.2024 00:46:11.309,20.48308,20.48093,700,1200
24.06.2024 00:46:14.644,20.48307,20.480610000000002,1200,500
24.06.2024 00:46:16.148,20.483090000000004,20.47992,500,700
24.06.2024 00:46:17.252,20.483030000000003,20.480449999999998,1200,600
24.06.2024 00:46:21.814,20.48318,20.479960000000002,1000,800
24.06.2024 00:46:29.381,20.483090000000004,20.48048,800,900
24.06.2024 00:46:30.585,20.483100000000004,20.47993,1100,1000
24.06.2024 00:46:31.788,20.483100000000004,20.48045,500,400
24.06.2024 00:46:33.290,20.483120000000003,20.47998,800,1300
24.06.2024 00:46:34.292,20.483100000000004,20.48034,1000,900
24.06.2024 00:46:36.547,20.483150000000002,20.48048,800,600
24.06.2024 00:46:37.154,20.483080000000005,20.48098,700,1200
24.06.2024 00:46:38.161,20.48309,20.48115,1200,900
24.06.2024 00:46:39.264,20.4831,20.481060000000003,1400,900
24.06.2024 00:46:41.069,20.48313,20.48096,1300,700
24.06.2024 00:46:43.374,20.483760000000004,20.48185,800,1400
24.06.2024 00:46:43.425,20.483670000000004,20.481099999999998,1400,600
24.06.2024 00:46:43.928,20.483680000000003,20.481840000000002,800,500
24.06.2024 00:46:43.979,20.484430000000003,20.48197,1400,400
24.06.2024 00:46:44.180,20.48529,20.48282,1200,700
24.06.2024 00:46:45.383,20.485350000000004,20.482860000000002,400,900
24.06.2024 00:46:48.541,20.4855,20.48292,1400,1300
24.06.2024 00:46:48.792,20.485519999999998,20.482470000000003,1200,800
24.06.2024 00:46:48.843,20.48486,20.481550000000002,1100,600
24.06.2024 00:46:49.395,20.48411,20.48081,1200,1100
24.06.2024 00:46:50.800,20.483990000000002,20.48096,600,600
24.06.2024 00:46:51.852,20.483810000000002,20.48137,600,700
24.06.2024 00:46:53.907,20.483159999999998,20.4807,1100,900
24.06.2024 00:46:55.061,20.483030000000003,20.48032,600,800
24.06.2024 00:46:56.372,20.48278,20.480339999999998,1400,800
24.06.2024 00:47:00.735,20.48308,20.480310000000003,700,1000
24.06.2024 00:47:04.193,20.48292,20.480490000000003,500,1000
24.06.2024 00:47:05.349,20.48295,20.480400000000003,1300,900
24.06.2024 00:47:06.554,20.483079999999998,20.480410000000003,1100,1100
24.06.2024 00:47:09.059,20.4831,20.480510000000002,500,400
24.06.2024 00:47:10.312,20.48313,20.480760000000004,900,1100
24.06.2024 00:47:14.774,20.483100000000004,20.48076,1300,1300
24.06.2024 00:47:16.127,20.483100000000004,20.480600000000003,900,1100
24.06.2024 00:47:19.083,20.483110000000003,20.48044,700,1300
24.06.2024 00:47:29.759,20.483120000000003,20.480420000000002,700,1000
24.06.2024 00:47:31.864,20.483090000000004,20.480520000000002,1000,1300
24.06.2024 00:47:32.115,20.48319,20.480500000000003,800,1100
24.06.2024 00:47:33.318,20.4832,20.481,900,700
24.06.2024 00:47:35.723,20.48316,20.48102,500,600
24.06.2024 00:47:36.876,20.4831,20.48071,1000,700
24.06.2024 00:47:37.779,20.48367,20.48071,1200,800
24.06.2024 00:47:38.730,20.483570000000004,20.48066,900,600
24.06.2024 00:47:41.988,20.483810000000002,20.480740000000004,800,1400
24.06.2024 00:47:42.793,20.48309,20.48081,1200,1100
24.06.2024 00:47:43.094,20.483100000000004,20.480880000000003,600,700
24.06.2024 00:47:46.603,20.48309,20.48077,1200,1100
24.06.2024 00:47:47.405,20.4832,20.480790000000002,900,1200
24.06.2024 00:47:47.506,20.48383,20.48119,400,1300
24.06.2024 00:47:51.216,20.483810000000002,20.48133,500,1000
24.06.2024 00:47:52.468,20.48314,20.48093,500,800
24.06.2024 00:47:54.071,20.48289,20.480839999999997,1100,1200
24.06.2024 00:47:55.224,20.483060000000002,20.48043,500,1300
24.06.2024 00:47:56.226,20.48274,20.48055,1200,1200
24.06.2024 00:47:57.279,20.48276,20.48068,1300,800
24.06.2024 00:48:00.186,20.483110000000003,20.48043,400,1300
24.06.2024 00:48:01.340,20.483150000000002,20.48029,1000,1100
24.06.2024 00:48:02.392,20.48213,20.48033,500,1300
24.06.2024 00:48:02.894,20.48213,20.4799,500,1100
24.06.2024 00:48:05.851,20.482180000000003,20.479750000000003,1200,1100
24.06.2024 00:48:06.554,20.482480000000002,20.479770000000002,1300,1200
24.06.2024 00:48:07.005,20.482110000000002,20.47979,1300,1300
24.06.2024 00:48:08.358,20.482080000000003,20.4797,600,400
24.06.2024 00:48:09.461,20.482429999999997,20.47967,1000,1000
24.06.2024 00:48:13.019,20.482310000000002,20.479560000000003,700,600
24.06.2024 00:48:15.830,20.48242,20.47976,400,600
24.06.2024 00:48:16.933,20.48243,20.47973,1200,700
24.06.2024 00:48:19.442,20.482090000000003,20.47969,1200,1300
24.06.2024 00:48:20.494,20.482390000000002,20.47973,600,600
24.06.2024 00:48:23.402,20.48251,20.479790000000005,900,800
24.06.2024 00:48:24.655,20.482499999999998,20.48007,500,1300
24.06.2024 00:48:27.813,20.482660000000003,20.480310000000003,1400,700
24.06.2024 00:48:30.920,20.482680000000002,20.48039,1100,1300
24.06.2024 00:48:31.801,20.48215,20.48039,1300,1100
24.06.2024 00:48:32.153,20.48195,20.479390000000002,1200,1000
24.06.2024 00:48:33.506,20.482120000000002,20.47978,600,1200
24.06.2024 00:48:40.126,20.48213,20.480230000000002,700,1200
24.06.2024 00:48:42.783,20.48213,20.4799,1100,500
24.06.2024 00:48:43.840,20.48216,20.480230000000002,500,600
24.06.2024 00:48:45.244,20.482110000000002,20.480360000000005,600,400
24.06.2024 00:48:49.509,20.482080000000003,20.480230000000002,1000,600
24.06.2024 00:48:51.062,20.48214,20.479969999999998,400,500
24.06.2024 00:48:52.466,20.482110000000002,20.47997,1100,600
24.06.2024 00:48:53.869,20.482100000000003,20.479930000000003,500,1300
24.06.2024 00:48:56.073,20.482110000000002,20.48026,700,1100
24.06.2024 00:48:56.574,20.482100000000003,20.47952,600,1300
24.06.2024 00:48:56.876,20.48151,20.47892,1000,600
24.06.2024 00:48:58.079,20.481890000000003,20.47887,700,1300
24.06.2024 00:48:59.331,20.48157,20.47887,1000,1100
24.06.2024 00:49:01.537,20.48177,20.479300000000002,1400,1000
24.06.2024 00:49:07.703,20.481890000000003,20.47959,800,900
24.06.2024 00:49:09.107,20.48192,20.47892,500,1300
24.06.2024 00:49:13.067,20.48175,20.479280000000003,1300,1200
24.06.2024 00:49:16.652,20.481849999999998,20.47943,500,1400
24.06.2024 00:49:20.314,20.482020000000002,20.478910000000003,1000,1300
24.06.2024 00:49:21.668,20.481970000000004,20.47917,500,800
24.06.2024 00:49:22.672,20.48214,20.48,1200,400
24.06.2024 00:49:23.926,20.48215,20.48011,1300,1100
24.06.2024 00:49:26.684,20.48207,20.479270000000003,1000,600
24.06.2024 00:49:28.140,20.481900000000003,20.47915,1100,1000
24.06.2024 00:49:33.656,20.481820000000003,20.479100000000003,400,1400
24.06.2024 00:49:34.961,20.48168,20.478879999999997,600,1000
24.06.2024 00:49:36.113,20.48196,20.478930000000002,1200,600
24.06.2024 00:49:40.076,20.48172,20.47905,1200,1300
24.06.2024 00:49:43.484,20.48182,20.478559999999998,700,1400
24.06.2024 00:49:44.987,20.48166,20.47915,1100,1200
24.06.2024 00:49:45.991,20.481860000000005,20.479350000000004,900,700
24.06.2024 00:49:47.845,20.48184,20.47937,1000,1100
24.06.2024 00:49:49.299,20.48191,20.47929,700,1200
24.06.2024 00:49:50.606,20.48192,20.479320000000005,1000,400
24.06.2024 00:49:53.612,20.48198,20.479300000000002,600,1200
24.06.2024 00:49:54.965,20.48107,20.479280000000003,1200,500
24.06.2024 00:49:55.117,20.481090000000002,20.47854,1100,500
24.06.2024 00:49:56.523,20.480729999999998,20.478070000000002,1300,700
24.06.2024 00:49:57.726,20.480980000000002,20.47824,1200,500
24.06.2024 00:49:58.028,20.480120000000003,20.478180000000002,1400,1200
24.06.2024 00:49:59.132,20.480100000000004,20.47782,1300,700
24.06.2024 00:50:00.285,20.480140000000002,20.47747,1300,600
24.06.2024 00:50:01.689,20.4801,20.47664,1200,700
24.06.2024 00:50:02.691,20.47963,20.47729,1300,600
24.06.2024 00:50:04.244,20.479090000000003,20.477240000000002,400,800
24.06.2024 00:50:04.295,20.47917,20.476080000000003,1100,900
24.06.2024 00:50:05.297,20.479070000000004,20.47663,1300,800
24.06.2024 00:50:06.351,20.47815,20.476080000000003,1400,1300
24.06.2024 00:50:06.483,20.477120000000003,20.47535,900,1400
24.06.2024 00:50:06.533,20.47691,20.47441,1100,700
24.06.2024 00:50:07.486,20.477140000000002,20.474600000000002,1400,1200
24.06.2024 00:50:08.639,20.47712,20.475160000000002,1000,900
24.06.2024 00:50:09.742,20.477120000000003,20.47499,1200,700
24.06.2024 00:50:10.393,20.47683,20.47427,800,900
24.06.2024 00:50:11.496,20.47693,20.474459999999997,800,500
24.06.2024 00:50:11.597,20.47797,20.475260000000002,800,900
24.06.2024 00:50:12.053,20.47807,20.475929999999998,1000,900
24.06.2024 00:50:12.405,20.47867,20.47602,600,1200
24.06.2024 00:50:13.207,20.479100000000003,20.476670000000002,800,1200
24.06.2024 00:50:13.709,20.478480000000005,20.47607,900,700
24.06.2024 00:50:13.910,20.47813,20.47604,900,1200
24.06.2024 00:50:13.960,20.47776,20.47532,800,500
24.06.2024 00:50:15.263,20.47809,20.475830000000002,800,600
24.06.2024 00:50:15.814,20.47816,20.476450000000003,700,1400
24.06.2024 00:50:18.770,20.47901,20.47654,1300,1100
24.06.2024 00:50:19.272,20.47912,20.47667,700,900
24.06.2024 00:50:20.124,20.479110000000002,20.476589999999998,1000,600
24.06.2024 00:50:20.476,20.479080000000003,20.476689999999998,700,700
24.06.2024 00:50:20.577,20.47817,20.47666,500,700
24.06.2024 00:50:20.628,20.47814,20.47587,1300,800
24.06.2024 00:50:20.829,20.477850000000004,20.475080000000002,500,600
24.06.2024 00:50:21.838,20.47773,20.474960000000003,1000,900
24.06.2024 00:50:22.942,20.477890000000002,20.4752,600,900
24.06.2024 00:50:23.995,20.47775,20.47519,900,500
24.06.2024 00:50:24.196,20.47815,20.47578,700,900
24.06.2024 00:50:25.400,20.47811,20.475939999999998,700,1300
24.06.2024 00:50:30.316,20.478030000000004,20.47552,400,600
24.06.2024 00:50:31.771,20.47834,20.475839999999998,1300,1200
24.06.2024 00:50:34.178,20.47816,20.475810000000003,1200,1000
24.06.2024 00:50:35.633,20.47813,20.475730000000002,900,1300
24.06.2024 00:50:41.851,20.47817,20.47577,700,700
24.06.2024 00:50:45.035,20.47813,20.475780000000004,600,700
24.06.2024 00:50:45.085,20.47897,20.476430000000004,700,900
24.06.2024 00:50:46.440,20.479090000000003,20.476750000000003,1200,1000
24.06.2024 00:50:47.494,20.479100000000003,20.476690000000005,1300,900
