Gmt time,Ask,Bid,AskVolume,BidVolume
24.06.2024 00:00:00.139,6.979119999999999,6.978300000000001,350,1400
24.06.2024 00:00:00.294,6.97911,6.978330000000001,850,800
24.06.2024 00:00:00.998,6.979050000000001,6.97823,350,850
24.06.2024 00:00:01.049,6.9789900000000005,6.978219999999999,750,800
24.06.2024 00:00:01.201,6.9789200000000005,6.97822,50,800
24.06.2024 00:00:01.553,6.979,6.97825,250,1100
24.06.2024 00:00:02.710,6.97897,6.97816,350,1300
24.06.2024 00:00:02.862,6.9788499999999996,6.978160000000001,50,500
24.06.2024 00:00:08.988,6.978899999999999,6.9781200000000005,650,800
24.06.2024 00:00:09.340,6.97891,6.978300000000001,450,400
24.06.2024 00:00:09.493,6.97893,6.97824,750,1200
24.06.2024 00:00:10.197,6.97897,6.978250000000001,450,1100
24.06.2024 00:00:10.803,6.979000000000001,6.978300000000001,550,600
24.06.2024 00:00:12.210,6.97904,6.97829,50,1400
24.06.2024 00:00:12.814,6.979050000000001,6.978300000000001,50,1000
24.06.2024 00:00:12.966,6.979150000000001,6.978400000000001,150,700
24.06.2024 00:00:13.068,6.97923,6.97843,750,1300
24.06.2024 00:00:15.480,6.97925,6.9784500000000005,750,1300
24.06.2024 00:00:20.846,6.97917,6.978440000000001,150,500
24.06.2024 00:00:21.551,6.979170000000001,6.978470000000001,-50,800
24.06.2024 00:00:21.652,6.979260000000001,6.978520000000001,50,1300
24.06.2024 00:00:22.556,6.97925,6.978520000000001,950,1200
24.06.2024 00:00:31.748,6.97926,6.97853,950,700
24.06.2024 00:00:32.050,6.979240000000001,6.97864,50,600
24.06.2024 00:00:40.327,6.97925,6.97852,150,1100
24.06.2024 00:00:40.479,6.97915,6.97846,350,500
24.06.2024 00:00:41.083,6.97926,6.978479999999999,850,500
24.06.2024 00:00:43.491,6.97924,6.97852,150,800
24.06.2024 00:00:43.844,6.9792499999999995,6.97856,650,800
24.06.2024 00:00:50.217,6.97919,6.978490000000001,250,500
24.06.2024 00:00:50.268,6.97921,6.97846,450,1000
24.06.2024 00:00:50.319,6.97914,6.97848,-50,600
24.06.2024 00:00:50.420,6.979170000000001,6.97839,150,1100
24.06.2024 00:00:53.283,6.979120000000001,6.978450000000001,250,1300
24.06.2024 00:00:53.485,6.97917,6.9785900000000005,650,1300
24.06.2024 00:00:53.587,6.9792499999999995,6.978829999999999,550,1000
24.06.2024 00:00:53.688,6.9795300000000005,6.97888,400,800
24.06.2024 00:00:53.790,6.97963,6.9789200000000005,250,8600
24.06.2024 00:00:53.891,6.979750000000001,6.9789200000000005,450,450
24.06.2024 00:00:53.992,6.979700000000001,6.9789,750,8500
24.06.2024 00:00:54.094,6.97964,6.978900000000001,550,9000
24.06.2024 00:00:54.296,6.97966,6.978930000000001,450,8500
24.06.2024 00:00:55.300,6.97967,6.97897,750,9400
24.06.2024 00:00:55.803,6.97967,6.978890000000001,850,8900
24.06.2024 00:00:56.907,6.97963,6.978910000000001,650,8500
24.06.2024 00:00:59.014,6.97967,6.978940000000001,550,1100
24.06.2024 00:01:01.072,6.97955,6.978880000000001,50,500
24.06.2024 00:01:02.514,6.979700000000001,6.978890000000001,550,800
24.06.2024 00:01:04.874,6.979590000000001,6.978900000000001,750,900
24.06.2024 00:01:05.879,6.979640000000001,6.978920000000001,450,800
24.06.2024 00:01:06.783,6.979580000000001,6.978900000000001,50,1200
24.06.2024 00:01:06.884,6.979690000000001,6.978890000000001,150,1100
24.06.2024 00:01:06.985,6.97973,6.9789,250,1300
24.06.2024 00:01:07.489,6.97967,6.979200000000001,850,1200
24.06.2024 00:01:07.592,6.979730000000001,6.97927,9200,500
24.06.2024 00:01:07.693,6.97972,6.979280000000001,8900,1000
24.06.2024 00:01:07.744,6.979940000000001,6.979260000000001,650,1100
24.06.2024 00:01:07.795,6.979930000000001,6.9793199999999995,250,900
24.06.2024 00:01:09.204,6.980040000000001,6.9793199999999995,550,700
24.06.2024 00:01:10.510,6.97999,6.97927,350,1400
24.06.2024 00:01:11.113,6.97996,6.97929,50,1400
24.06.2024 00:01:13.673,6.97996,6.979299999999999,550,1100
24.06.2024 00:01:16.032,6.979990000000001,6.979180000000001,650,8900
24.06.2024 00:01:16.133,6.979870000000001,6.97921,650,8600
24.06.2024 00:01:16.284,6.979890000000001,6.9792000000000005,950,8700
24.06.2024 00:01:16.536,6.979890000000001,6.97923,250,9399.9996
24.06.2024 00:01:17.391,6.979960000000001,6.9792,650,700
24.06.2024 00:01:27.228,6.97996,6.97923,250,900
24.06.2024 00:01:27.330,6.9799999999999995,6.97922,250,600
24.06.2024 00:01:27.632,6.97999,6.97935,850,500
24.06.2024 00:01:27.734,6.98006,6.979410000000001,150,1000
24.06.2024 00:01:27.835,6.98007,6.979360000000001,9200,1300
24.06.2024 00:01:27.987,6.980119999999999,6.97939,9300,1200
24.06.2024 00:01:29.192,6.98012,6.979350000000001,9100,1650
24.06.2024 00:01:29.444,6.98016,6.97942,9749.9998,850
24.06.2024 00:01:30.097,6.980169999999999,6.979500000000002,550,1000
24.06.2024 00:01:30.199,6.98021,6.97961,150,1100
24.06.2024 00:01:30.300,6.980190000000001,6.9795799999999995,8700,500
24.06.2024 00:01:30.402,6.98022,6.97956,750,500
24.06.2024 00:01:31.107,6.980250000000002,6.97959,450,1000
24.06.2024 00:01:33.215,6.980320000000001,6.97963,550,1400
24.06.2024 00:01:34.825,6.98024,6.97968,650,400
24.06.2024 00:01:37.506,6.98028,6.97961,50,800
24.06.2024 00:01:37.659,6.98028,6.97957,150,1300
24.06.2024 00:01:40.320,6.98028,6.97946,50,1300
24.06.2024 00:01:40.422,6.9802300000000015,6.97946,150,1300
24.06.2024 00:01:41.628,6.980180000000001,6.97946,550,1300
24.06.2024 00:01:41.829,6.9801400000000005,6.979470000000001,450,400
24.06.2024 00:01:42.031,6.9801400000000005,6.979480000000001,450,1300
24.06.2024 00:01:42.834,6.98023,6.979540000000001,850,1300
24.06.2024 00:01:46.095,6.98022,6.9795300000000005,650,900
24.06.2024 00:01:46.397,6.9802,6.979480000000001,450,500
24.06.2024 00:01:48.857,6.9802100000000005,6.9795300000000005,650,1200
24.06.2024 00:01:51.566,6.980150000000001,6.9796000000000005,550,700
24.06.2024 00:01:54.227,6.980200000000002,6.979540000000001,650,1300
24.06.2024 00:01:55.884,6.980150000000001,6.979560000000001,350,900
24.06.2024 00:01:57.593,6.98011,6.97942,600,500
24.06.2024 00:01:57.644,6.98015,6.9794599999999996,650,1300
24.06.2024 00:01:57.746,6.98012,6.97962,650,1100
24.06.2024 00:01:57.797,6.98018,6.97959,9100,1400
24.06.2024 00:01:57.848,6.980270000000001,6.9797199999999995,450,1400
24.06.2024 00:01:58.000,6.98031,6.97971,9100,1200
24.06.2024 00:01:58.102,6.98033,6.97969,950,700
24.06.2024 00:01:58.504,6.980300000000001,6.9797400000000005,1000,1100
24.06.2024 00:02:00.916,6.98031,6.97973,500,400
24.06.2024 00:02:13.954,6.980220000000001,6.97973,150,600
24.06.2024 00:02:14.256,6.980260000000001,6.97962,1200,900
24.06.2024 00:02:21.187,6.980239999999999,6.979660000000001,750,900
24.06.2024 00:02:23.095,6.98013,6.97962,350,1000
24.06.2024 00:02:23.699,6.980190000000001,6.979640000000001,9949.9998,700
24.06.2024 00:02:29.018,6.98015,6.97963,500,800
24.06.2024 00:02:29.270,6.9801400000000005,6.97956,950,1100
24.06.2024 00:02:29.572,6.98017,6.97956,900,1200
24.06.2024 00:02:38.262,6.980190000000001,6.979580000000001,450,600
24.06.2024 00:02:38.313,6.980270000000001,6.979650000000001,950,900
24.06.2024 00:02:38.414,6.980250000000002,6.979650000000001,10850,700
24.06.2024 00:02:38.465,6.980250000000002,6.97983,8500,900
24.06.2024 00:02:38.516,6.9804,6.9797899999999995,150,500
24.06.2024 00:02:38.617,6.98042,6.97997,9200,500
24.06.2024 00:02:38.769,6.98054,6.97991,950,800
24.06.2024 00:02:38.820,6.9805600000000005,6.980130000000001,450,800
24.06.2024 00:02:38.923,6.980599999999999,6.980130000000001,9200,1300
24.06.2024 00:02:39.024,6.9808,6.980090000000001,1050,800
24.06.2024 00:02:41.186,6.98075,6.980100000000001,1300,800
24.06.2024 00:02:47.268,6.9807,6.98018,600,1100
24.06.2024 00:02:50.683,6.9807500000000005,6.980200000000001,800,600
24.06.2024 00:02:54.245,6.980790000000001,6.980320000000001,450,1200
24.06.2024 00:02:54.999,6.980800000000001,6.980290000000001,800,900
24.06.2024 00:03:04.241,6.980790000000001,6.98026,500,1200
24.06.2024 00:03:07.553,6.980770000000001,6.980190000000001,500,1000
24.06.2024 00:03:18.241,6.9808699999999995,6.980260000000001,1100,900
24.06.2024 00:03:23.884,6.98092,6.98034,1650,1400
24.06.2024 00:03:24.039,6.980880000000001,6.980240000000001,1000,700
24.06.2024 00:03:25.646,6.98088,6.98036,1100,500
24.06.2024 00:03:29.313,6.980880000000001,6.98024,1200,1200
24.06.2024 00:03:36.343,6.980770000000001,6.98026,600,1000
24.06.2024 00:03:38.000,6.98087,6.980239999999999,900,1000
24.06.2024 00:03:43.418,6.98085,6.98028,1300,1200
24.06.2024 00:03:43.469,6.98095,6.98036,10099.9996,1100
24.06.2024 00:03:43.622,6.98095,6.980530000000001,9300,1200
24.06.2024 00:03:43.673,6.981120000000001,6.98049,1400,800
24.06.2024 00:03:43.775,6.981220000000001,6.98058,9549.9998,500
24.06.2024 00:03:44.780,6.981240000000001,6.9805,1200,400
24.06.2024 00:03:46.586,6.98109,6.980519999999999,1200,800
24.06.2024 00:03:49.195,6.981030000000001,6.980430000000001,800,500
24.06.2024 00:03:58.242,6.98109,6.98036,900,500
24.06.2024 00:04:01.607,6.9808200000000005,6.98038,600,50
24.06.2024 00:04:01.710,6.98086,6.9802800000000005,700,9500
24.06.2024 00:04:01.812,6.98086,6.98023,1100,700
24.06.2024 00:04:02.214,6.9808900000000005,6.980250000000001,900,800
24.06.2024 00:04:10.548,6.980880000000001,6.98034,350,800
24.06.2024 00:04:11.050,6.98088,6.980180000000001,1100,1100
24.06.2024 00:04:16.670,6.98079,6.980090000000001,1100,700
24.06.2024 00:04:24.898,6.98062,6.98004,600,350
24.06.2024 00:04:25.100,6.98066,6.9799999999999995,1000,9100
24.06.2024 00:04:25.151,6.980630000000001,6.97996,400,900
24.06.2024 00:04:28.064,6.980729999999999,6.98006,500,1100
24.06.2024 00:04:28.166,6.98068,6.980199999999999,9849.9998,1300
24.06.2024 00:04:28.318,6.98086,6.980170000000001,900,400
24.06.2024 00:04:32.533,6.9808,6.980239999999999,600,700
24.06.2024 00:04:43.499,6.980780000000001,6.980200000000001,1400,1100
24.06.2024 00:04:58.501,6.98082,6.980289999999999,700,600
24.06.2024 00:05:01.665,6.980860000000001,6.980300000000001,900,1000
24.06.2024 00:05:11.695,6.98083,6.98031,700,1300
24.06.2024 00:05:40.815,6.980840000000001,6.98016,1000,800
24.06.2024 00:05:42.774,6.980599999999999,6.9800200000000014,900,550
24.06.2024 00:05:42.926,6.980549999999999,6.98004,700,9000
24.06.2024 00:05:42.979,6.9806099999999995,6.97998,1000,1300
24.06.2024 00:05:43.181,6.980690000000001,6.980020000000001,700,1300
24.06.2024 00:05:43.836,6.9806300000000014,6.98011,700,1000
24.06.2024 00:05:48.707,6.980740000000001,6.98019,1150,1100
24.06.2024 00:05:48.758,6.9808,6.9802100000000005,450,1000
24.06.2024 00:05:48.859,6.980860000000001,6.980130000000001,1100,600
24.06.2024 00:05:52.979,6.9807500000000005,6.9801400000000005,750,500
24.06.2024 00:05:54.336,6.98075,6.9802,450,800
24.06.2024 00:05:54.538,6.9806799999999996,6.98012,800,800
24.06.2024 00:05:54.740,6.98073,6.98005,450,600
24.06.2024 00:05:55.041,6.98066,6.980000000000001,800,500
24.06.2024 00:05:55.093,6.980549999999999,6.979990000000001,700,1400
24.06.2024 00:05:55.245,6.9805600000000005,6.980010000000001,750,700
24.06.2024 00:05:58.004,6.98058,6.979890000000001,500,800
24.06.2024 00:05:58.157,6.98053,6.979890000000001,150,700
24.06.2024 00:06:03.850,6.980500000000001,6.979940000000001,750,1000
24.06.2024 00:06:06.007,6.98043,6.979760000000001,900,1000
24.06.2024 00:06:10.828,6.980460000000001,6.979819999999999,750,600
24.06.2024 00:06:10.980,6.98041,6.97983,1350,500
24.06.2024 00:06:21.564,6.980440000000001,6.97986,1350,800
24.06.2024 00:06:30.395,6.980530000000001,6.97991,800,900
24.06.2024 00:06:40.730,6.98052,6.979850000000001,1000,1200
24.06.2024 00:06:41.387,6.98053,6.97986,950,700
24.06.2024 00:06:51.127,6.9804699999999995,6.97993,750,700
24.06.2024 00:06:52.130,6.98046,6.97984,400,1000
24.06.2024 00:06:58.100,6.9803500000000005,6.9797,1000,700
24.06.2024 00:07:01.366,6.98044,6.97977,250,900
24.06.2024 00:07:02.570,6.980470000000001,6.979730000000001,1000,800
24.06.2024 00:07:11.349,6.980429999999999,6.979760000000001,800,500
24.06.2024 00:07:11.801,6.98047,6.97989,1000,800
24.06.2024 00:07:11.903,6.980499999999999,6.97993,1200,600
24.06.2024 00:07:16.217,6.98057,6.980040000000001,1100,700
24.06.2024 00:07:16.319,6.9806,6.98015,750,500
24.06.2024 00:07:16.370,6.9807000000000015,6.98013,8900,1000
24.06.2024 00:07:16.471,6.980720000000001,6.98011,450,600
24.06.2024 00:07:17.575,6.9807,6.98016,450,500
24.06.2024 00:07:18.980,6.980790000000001,6.98013,1000,1100
24.06.2024 00:07:24.648,6.9808,6.980080000000001,700,1300
24.06.2024 00:07:25.000,6.980770000000001,6.98018,1300,800
24.06.2024 00:07:33.287,6.98088,6.98019,-50,1000
24.06.2024 00:07:33.439,6.9808200000000005,6.98015,650,1100
24.06.2024 00:07:33.591,6.9808900000000005,6.98012,600,600
24.06.2024 00:07:39.207,6.98081,6.980160000000001,1300,1300
24.06.2024 00:07:49.593,6.980779999999999,6.98013,600,1400
24.06.2024 00:08:01.534,6.98079,6.98019,1000,600
24.06.2024 00:08:11.725,6.980770000000001,6.98018,1750,1000
24.06.2024 00:08:16.471,6.98073,6.980110000000001,1000,700
24.06.2024 00:08:26.756,6.980720000000001,6.98005,700,1100
24.06.2024 00:08:28.916,6.98064,6.97996,700,9100
24.06.2024 00:08:29.068,6.98059,6.979910000000001,500,550
24.06.2024 00:08:29.971,6.98051,6.9798800000000005,600,600
24.06.2024 00:08:30.123,6.98058,6.9798800000000005,250,700
24.06.2024 00:08:39.195,6.980519999999999,6.97989,600,900
24.06.2024 00:08:41.551,6.980530000000001,6.97985,1200,700
24.06.2024 00:08:44.359,6.98054,6.97985,950,900
24.06.2024 00:08:46.317,6.980440000000001,6.9798100000000005,500,600
24.06.2024 00:08:54.491,6.980430000000001,6.979780000000001,900,1300
24.06.2024 00:09:01.717,6.98038,6.9798100000000005,350,700
24.06.2024 00:09:03.022,6.980440000000001,6.979770000000001,700,1100
24.06.2024 00:09:04.628,6.980390000000001,6.97966,1300,1550
24.06.2024 00:09:06.789,6.980440000000001,6.9797400000000005,750,1750
24.06.2024 00:09:07.191,6.98033,6.97968,600,50
24.06.2024 00:09:07.294,6.980170000000001,6.979570000000001,1200,9100
24.06.2024 00:09:07.449,6.980200000000001,6.97957,1650,1400
24.06.2024 00:09:08.203,6.9801400000000005,6.97946,1300,600
24.06.2024 00:09:11.116,6.98018,6.979580000000001,50,600
24.06.2024 00:09:11.569,6.98019,6.979600000000001,650,500
24.06.2024 00:09:12.522,6.980289999999999,6.979610000000001,800,1300
24.06.2024 00:09:12.573,6.98029,6.97958,50,900
24.06.2024 00:09:12.675,6.98029,6.979640000000001,1200,1100
24.06.2024 00:09:21.659,6.98026,6.979620000000001,250,1300
24.06.2024 00:09:22.412,6.98018,6.979620000000001,800,1300
24.06.2024 00:09:26.227,6.98017,6.979450000000001,1300,1250
24.06.2024 00:09:26.582,6.9801400000000005,6.97962,150,600
24.06.2024 00:09:28.590,6.9802100000000005,6.9796000000000005,700,800
24.06.2024 00:09:29.192,6.980110000000001,6.97951,400,1300
24.06.2024 00:09:39.221,6.980120000000001,6.97954,1000,900
24.06.2024 00:09:59.211,6.9801400000000005,6.9795300000000005,500,700
24.06.2024 00:10:00.418,6.980080000000001,6.97947,50,1400
24.06.2024 00:10:01.473,6.980099999999999,6.9796,50,1200
24.06.2024 00:10:01.525,6.980220000000001,6.979570000000001,9599.9996,900
24.06.2024 00:10:02.029,6.98015,6.97951,1200,1100
24.06.2024 00:10:02.130,6.9801400000000005,6.9795,850,700
24.06.2024 00:10:02.934,6.98011,6.9795,450,1300
24.06.2024 00:10:03.035,6.980199999999999,6.9794800000000015,50,700
24.06.2024 00:10:08.046,6.98009,6.97951,50,800
24.06.2024 00:10:08.448,6.980170000000001,6.97948,950,700
24.06.2024 00:10:09.503,6.98016,6.97948,500,500
24.06.2024 00:10:12.413,6.98018,6.97956,600,800
24.06.2024 00:10:26.606,6.9802,6.979490000000001,500,1200
24.06.2024 00:10:30.469,6.9801899999999995,6.979540000000001,50,400
24.06.2024 00:10:30.872,6.98018,6.979460000000001,650,1200
24.06.2024 00:10:31.826,6.98021,6.9795300000000005,-50,1300
24.06.2024 00:10:36.939,6.980090000000001,6.97947,500,800
24.06.2024 00:10:46.491,6.98018,6.97958,650,1200
24.06.2024 00:10:47.394,6.980230000000001,6.97952,800,800
24.06.2024 00:10:58.483,6.98019,6.979580000000001,800,1100
24.06.2024 00:11:00.841,6.980060000000001,6.979470000000001,800,700
24.06.2024 00:11:06.713,6.979979999999999,6.97944,1000,700
24.06.2024 00:11:07.065,6.980000000000001,6.979299999999999,500,1400
24.06.2024 00:11:07.619,6.97993,6.979349999999999,550,1400
24.06.2024 00:11:08.122,6.97996,6.979330000000001,700,600
24.06.2024 00:11:09.327,6.980020000000001,6.979349999999999,750,700
24.06.2024 00:11:09.478,6.980060000000001,6.97938,1100,1100
24.06.2024 00:11:20.521,6.9801400000000005,6.9795,50,1100
24.06.2024 00:11:21.626,6.9801400000000005,6.97956,1650,800
24.06.2024 00:11:22.580,6.98015,6.979580000000001,1200,1200
24.06.2024 00:11:34.522,6.98006,6.97958,1400,400
24.06.2024 00:11:44.499,6.980100000000001,6.9796000000000005,500,1300
24.06.2024 00:11:52.619,6.98021,6.97955,550,500
24.06.2024 00:11:54.326,6.980119999999999,6.9795300000000005,700,500
24.06.2024 00:11:58.190,6.980099999999999,6.97951,1000,900
24.06.2024 00:12:01.704,6.980170000000001,6.9796000000000005,550,1000
24.06.2024 00:12:05.417,6.98026,6.979590000000001,250,1200
24.06.2024 00:12:05.820,6.98015,6.979590000000001,550,1000
24.06.2024 00:12:09.483,6.98027,6.97959,250,800
24.06.2024 00:12:11.091,6.98013,6.97958,350,800
24.06.2024 00:12:11.743,6.98017,6.979600000000001,-50,800
24.06.2024 00:12:12.546,6.9801400000000005,6.97955,350,600
24.06.2024 00:12:15.085,6.98019,6.9796,900,1300
24.06.2024 00:12:26.573,6.98018,6.97954,900,600
24.06.2024 00:12:30.538,6.98011,6.97959,250,500
24.06.2024 00:12:38.665,6.98018,6.979570000000001,850,1000
24.06.2024 00:12:38.817,6.9801899999999995,6.979560000000001,50,400
24.06.2024 00:12:38.919,6.98019,6.979540000000001,1200,1300
24.06.2024 00:12:51.555,6.9802100000000005,6.97956,1400,800
24.06.2024 00:13:00.985,6.98026,6.979730000000001,650,600
24.06.2024 00:13:01.086,6.980320000000001,6.979750000000001,900,1000
24.06.2024 00:13:01.137,6.98038,6.97986,9100,1200
24.06.2024 00:13:01.239,6.98038,6.97985,800,1000
24.06.2024 00:13:02.094,6.980500000000001,6.97993,650,500
24.06.2024 00:13:03.602,6.9805600000000005,6.9798800000000005,50,700
24.06.2024 00:13:05.592,6.980449999999999,6.979830000000001,1300,400
24.06.2024 00:13:09.707,6.9804699999999995,6.97983,1650,1300
24.06.2024 00:13:20.592,6.98053,6.979850000000001,1000,1300
24.06.2024 00:13:21.594,6.980390000000001,6.979840000000001,800,400
24.06.2024 00:13:24.154,6.98036,6.979800000000001,1100,900
24.06.2024 00:13:27.167,6.98041,6.97978,900,1400
24.06.2024 00:13:27.268,6.98047,6.979920000000001,450,1200
24.06.2024 00:13:28.676,6.980440000000001,6.979960000000001,1100,1200
24.06.2024 00:13:40.074,6.980410000000001,6.97981,1300,500
24.06.2024 00:13:42.487,6.980340000000001,6.979699999999999,1100,900
24.06.2024 00:13:48.309,6.980370000000001,6.9797899999999995,600,1300
24.06.2024 00:13:50.416,6.980470000000001,6.97986,900,600
24.06.2024 00:13:56.119,6.98043,6.979720000000001,1300,800
24.06.2024 00:13:57.677,6.980320000000001,6.979770000000001,500,1000
24.06.2024 00:14:03.050,6.98029,6.9796,1300,2150
24.06.2024 00:14:05.970,6.980390000000001,6.97971,1000,500
24.06.2024 00:14:11.744,6.980519999999999,6.97984,650,1400
24.06.2024 00:14:11.846,6.9805,6.97995,650,700
24.06.2024 00:14:11.948,6.98058,6.980050000000001,8800,900
24.06.2024 00:14:11.999,6.98072,6.98005,500,600
24.06.2024 00:14:12.050,6.98073,6.980119999999999,1000,1100
24.06.2024 00:14:13.710,6.98072,6.980090000000001,1300,1300
24.06.2024 00:14:23.849,6.98069,6.980049999999999,700,1100
24.06.2024 00:14:26.306,6.98075,6.979980000000001,1000,1200
24.06.2024 00:14:27.159,6.9807000000000015,6.979970000000001,700,250
24.06.2024 00:14:27.260,6.980620000000001,6.9799999999999995,1100,850
24.06.2024 00:14:37.837,6.980620000000001,6.979980000000001,600,600
24.06.2024 00:14:45.726,6.98075,6.979979999999999,600,800
24.06.2024 00:14:51.597,6.980800000000001,6.98011,1400,700
24.06.2024 00:14:53.504,6.9808,6.98034,250,1200
24.06.2024 00:14:53.656,6.980920000000001,6.9803,8800,1650
24.06.2024 00:14:53.757,6.98093,6.98025,250,1850
24.06.2024 00:14:55.162,6.98093,6.9802800000000005,900,900
24.06.2024 00:15:00.234,6.98111,6.9803299999999995,450,1300
24.06.2024 00:15:00.335,6.98109,6.980500000000001,450,600
24.06.2024 00:15:00.386,6.981120000000001,6.980520000000001,8900,600
24.06.2024 00:15:00.487,6.9812,6.9805,2050,600
24.06.2024 00:15:01.493,6.98104,6.98037,400,-50
24.06.2024 00:15:01.595,6.98103,6.980360000000001,700,1200
24.06.2024 00:15:01.696,6.98109,6.9803500000000005,400,50
24.06.2024 00:15:01.797,6.98111,6.980380000000001,500,700
24.06.2024 00:15:02.350,6.9808900000000005,6.98039,500,950
24.06.2024 00:15:02.502,6.98094,6.980320000000001,1100,8800
24.06.2024 00:15:02.603,6.980930000000001,6.9802,900,1300
24.06.2024 00:15:03.758,6.980919999999999,6.98025,1100,450
24.06.2024 00:15:04.361,6.980919999999999,6.980250000000002,900,1100
24.06.2024 00:15:06.167,6.98099,6.98034,500,500
24.06.2024 00:15:17.103,6.981,6.9802800000000005,500,600
24.06.2024 00:15:25.399,6.98066,6.98025,1100,150
24.06.2024 00:15:25.501,6.98061,6.98022,450,50
24.06.2024 00:15:25.552,6.980300000000001,6.97977,1200,350
24.06.2024 00:15:25.755,6.980270000000001,6.97965,1100,950
24.06.2024 00:15:29.720,6.9804,6.979690000000001,600,800
24.06.2024 00:15:30.073,6.980220000000001,6.9796700000000005,1100,9549.9998
24.06.2024 00:15:30.174,6.98009,6.97968,500,9349.9998
24.06.2024 00:15:30.225,6.98005,6.97931,700,800
24.06.2024 00:15:31.934,6.979910000000001,6.979299999999999,600,2300
24.06.2024 00:15:33.090,6.979950000000001,6.9793400000000005,700,850
24.06.2024 00:15:34.397,6.979990000000001,6.979299999999999,900,1300
24.06.2024 00:15:40.326,6.979920000000001,6.9792000000000005,700,500
24.06.2024 00:15:40.428,6.9796700000000005,6.979240000000001,600,650
24.06.2024 00:15:40.530,6.979730000000001,6.979220000000001,1100,9300
24.06.2024 00:15:40.583,6.979710000000001,6.97912,1000,600
24.06.2024 00:15:43.945,6.9797400000000005,6.97906,500,400
24.06.2024 00:15:54.871,6.979800000000001,6.979190000000001,700,700
24.06.2024 00:15:55.123,6.979800000000001,6.9792499999999995,1200,1000
24.06.2024 00:15:55.274,6.97977,6.97915,1200,1100
24.06.2024 00:15:57.130,6.97959,6.97907,1400,850
24.06.2024 00:15:57.231,6.9796499999999995,6.9790600000000005,900,8800
24.06.2024 00:15:57.383,6.9796,6.978960000000001,800,1100
24.06.2024 00:15:59.260,6.9795799999999995,6.978930000000001,1100,1100
24.06.2024 00:15:59.864,6.97947,6.97886,500,850
24.06.2024 00:16:00.269,6.97944,6.9787300000000005,1100,50
24.06.2024 00:16:00.320,6.979450000000001,6.978740000000001,500,900
24.06.2024 00:16:03.937,6.9791500000000015,6.97866,500,50
24.06.2024 00:16:04.039,6.97898,6.9786,500,9200
24.06.2024 00:16:04.089,6.97896,6.978339999999999,1200,500
24.06.2024 00:16:14.028,6.97903,6.97836,700,1300
24.06.2024 00:16:15.738,6.978890000000001,6.9783100000000005,1000,9749.9998
24.06.2024 00:16:15.839,6.978840000000001,6.978280000000001,800,750
24.06.2024 00:16:15.940,6.978940000000001,6.9783100000000005,750,600
24.06.2024 00:16:16.042,6.978840000000001,6.97837,150,500
24.06.2024 00:16:16.093,6.9789900000000005,6.97828,1400,700
24.06.2024 00:16:26.333,6.97896,6.978300000000001,800,1300
24.06.2024 00:16:29.245,6.97906,6.978440000000001,1300,700
24.06.2024 00:16:39.285,6.97902,6.978410000000001,1300,800
24.06.2024 00:16:41.950,6.979170000000001,6.97872,350,500
24.06.2024 00:16:42.052,6.97918,6.9787099999999995,9400,400
24.06.2024 00:16:42.204,6.9792700000000005,6.9787099999999995,1100,900
24.06.2024 00:16:51.997,6.979360000000001,6.97869,700,1400
24.06.2024 00:17:00.130,6.9792700000000005,6.97865,500,500
24.06.2024 00:17:00.181,6.97916,6.97856,600,8700
24.06.2024 00:17:00.383,6.97914,6.97855,1400,150
24.06.2024 00:17:01.689,6.97914,6.978500000000001,1300,1000
24.06.2024 00:17:07.506,6.97903,6.978500000000001,600,900
24.06.2024 00:17:14.133,6.97909,6.97841,-50,800
24.06.2024 00:17:18.550,6.97903,6.978480000000001,1300,400
24.06.2024 00:17:21.568,6.97909,6.978500000000001,1000,400
24.06.2024 00:17:31.547,6.979089999999999,6.978420000000001,800,500
24.06.2024 00:17:34.707,6.97911,6.97839,600,1000
24.06.2024 00:17:38.122,6.979100000000001,6.97848,1100,900
24.06.2024 00:17:39.428,6.97908,6.978350000000001,1300,800
24.06.2024 00:17:40.082,6.979049999999999,6.9783800000000005,50,600
24.06.2024 00:17:40.284,6.97911,6.978400000000001,700,900
24.06.2024 00:17:41.490,6.97906,6.9783800000000005,450,800
24.06.2024 00:17:48.011,6.97904,6.97836,700,1200
24.06.2024 00:17:49.467,6.97909,6.978340000000001,1000,600
24.06.2024 00:17:55.893,6.9789900000000005,6.978319999999999,500,9899.9996
24.06.2024 00:17:55.995,6.978770000000001,6.978230000000001,800,50
24.06.2024 00:17:56.046,6.97881,6.978150000000001,700,1100
24.06.2024 00:17:56.449,6.978810000000001,6.978210000000001,500,1200
24.06.2024 00:17:57.204,6.97883,6.97826,1000,600
24.06.2024 00:17:58.009,6.978899999999999,6.97827,550,600
24.06.2024 00:17:58.110,6.978970000000001,6.978340000000001,9100,800
24.06.2024 00:17:58.211,6.97896,6.97832,1200,600
24.06.2024 00:17:59.716,6.9789900000000005,6.978470000000001,1100,1000
24.06.2024 00:18:04.879,6.979010000000001,6.978400000000001,900,600
24.06.2024 00:18:11.854,6.979020000000001,6.978510000000001,700,1300
24.06.2024 00:18:26.357,6.978980000000001,6.97829,1200,600
24.06.2024 00:18:26.408,6.979,6.9783,-50,1200
24.06.2024 00:18:26.610,6.97897,6.97836,450,1000
24.06.2024 00:18:28.567,6.979010000000001,6.97852,750,900
24.06.2024 00:18:28.668,6.97906,6.97845,10399.9996,700
24.06.2024 00:18:38.852,6.979049999999999,6.978440000000001,1000,600
24.06.2024 00:18:44.772,6.97903,6.978500000000001,600,1000
24.06.2024 00:18:45.375,6.979050000000001,6.978470000000001,900,1200
24.06.2024 00:18:50.793,6.979000000000001,6.978320000000001,500,1400
24.06.2024 00:19:00.769,6.978910000000001,6.9784,800,900
24.06.2024 00:19:08.374,6.979089999999999,6.97843,1200,500
24.06.2024 00:19:18.363,6.97902,6.97851,800,1400
24.06.2024 00:19:37.962,6.979069999999999,6.978540000000001,800,900
24.06.2024 00:19:41.578,6.979070000000001,6.978500000000001,900,1100
24.06.2024 00:19:47.693,6.979070000000001,6.97853,550,1100
24.06.2024 00:19:47.844,6.97916,6.97857,1100,1200
24.06.2024 00:19:48.247,6.979080000000001,6.9785200000000005,1300,1000
24.06.2024 00:19:58.282,6.9791300000000005,6.978540000000001,500,1100
24.06.2024 00:20:04.848,6.979019999999999,6.97846,1200,1400
24.06.2024 00:20:15.681,6.9790399999999995,6.9784500000000005,1300,1000
24.06.2024 00:20:19.294,6.97907,6.978480000000001,400,600
24.06.2024 00:20:21.455,6.978999999999999,6.978420000000001,800,800
24.06.2024 00:20:31.544,6.9789900000000005,6.97843,600,400
24.06.2024 00:20:43.673,6.979089999999999,6.97849,900,1300
24.06.2024 00:20:48.392,6.97904,6.9784500000000005,1100,1300
24.06.2024 00:20:59.475,6.97907,6.978470000000001,500,800
24.06.2024 00:21:00.126,6.979119999999999,6.97854,700,1000
24.06.2024 00:21:08.798,6.979120000000001,6.978470000000001,1000,600
24.06.2024 00:21:08.849,6.97907,6.97836,1300,700
24.06.2024 00:21:09.000,6.97917,6.97858,550,500
24.06.2024 00:21:09.051,6.9791300000000005,6.97843,1400,750
24.06.2024 00:21:09.153,6.979030000000001,6.97836,700,9000
24.06.2024 00:21:09.355,6.979070000000001,6.978370000000001,1000,9500
24.06.2024 00:21:09.608,6.979080000000001,6.978390000000001,1000,800
24.06.2024 00:21:19.487,6.979069999999999,6.97841,1200,600
24.06.2024 00:21:29.917,6.979120000000001,6.97836,1000,400
24.06.2024 00:21:41.570,6.979069999999999,6.978350000000001,1100,1400
24.06.2024 00:21:44.985,6.97909,6.9783800000000005,850,700
24.06.2024 00:21:45.086,6.979020000000001,6.97835,600,600
24.06.2024 00:21:53.415,6.9790600000000005,6.97839,1350,1100
24.06.2024 00:21:56.730,6.97907,6.97847,350,500
24.06.2024 00:21:56.781,6.9790600000000005,6.97849,50,500
24.06.2024 00:21:56.883,6.979070000000001,6.97847,1200,400
24.06.2024 00:21:57.034,6.979050000000001,6.9784500000000005,900,600
24.06.2024 00:22:04.211,6.97914,6.978650000000001,150,600
24.06.2024 00:22:04.313,6.979220000000001,6.97871,150,900
24.06.2024 00:22:04.414,6.97922,6.9787300000000005,9400,1000
24.06.2024 00:22:04.465,6.979299999999999,6.97878,600,1200
24.06.2024 00:22:05.572,6.9793199999999995,6.97884,450,900
24.06.2024 00:22:06.075,6.979370000000001,6.9787799999999995,600,1100
24.06.2024 00:22:06.629,6.9793400000000005,6.978750000000002,1300,500
24.06.2024 00:22:09.239,6.979410000000001,6.978900000000001,1100,500
24.06.2024 00:22:09.290,6.97944,6.978950000000001,350,900
24.06.2024 00:22:09.391,6.9794800000000015,6.979010000000001,8800,900
24.06.2024 00:22:09.493,6.9796,6.978960000000001,1200,600
24.06.2024 00:22:10.498,6.979580000000001,6.979030000000001,900,400
24.06.2024 00:22:18.872,6.979590000000001,6.9789900000000005,600,1000
24.06.2024 00:22:18.923,6.9794800000000015,6.9789,1300,1000
24.06.2024 00:22:19.227,6.97945,6.97885,1100,250
24.06.2024 00:22:20.054,6.979399999999999,6.978810000000001,1200,700
24.06.2024 00:22:29.884,6.97949,6.978940000000001,650,900
24.06.2024 00:22:29.986,6.979540000000001,6.97902,9100,1100
24.06.2024 00:22:30.137,6.979590000000001,6.979,1200,400
24.06.2024 00:22:40.771,6.9796700000000005,6.97902,500,700
24.06.2024 00:22:41.224,6.979690000000001,6.97916,900,1300
24.06.2024 00:22:47.898,6.979640000000001,6.97903,1200,350
24.06.2024 00:22:58.586,6.97965,6.979,900,650
24.06.2024 00:23:01.698,6.9797,6.979010000000001,700,800
24.06.2024 00:23:06.593,6.97959,6.978960000000001,800,9300
24.06.2024 00:23:06.697,6.97966,6.97884,1400,8900
24.06.2024 00:23:07.802,6.97964,6.978899999999999,800,9300
24.06.2024 00:23:09.006,6.97968,6.97887,600,8700
24.06.2024 00:23:10.761,6.97948,6.978860000000001,1400,9249.9998
24.06.2024 00:23:10.862,6.97932,6.978900000000001,1300,8800
24.06.2024 00:23:10.964,6.979290000000001,6.978900000000001,1300,9300
24.06.2024 00:23:11.015,6.979380000000001,6.978700000000001,1100,250
24.06.2024 00:23:11.166,6.97932,6.97857,700,8500
24.06.2024 00:23:11.267,6.97928,6.97861,500,1650
24.06.2024 00:23:13.476,6.979290000000001,6.97858,1000,8900
24.06.2024 00:23:13.879,6.9792700000000005,6.9785699999999995,400,9449.9998
24.06.2024 00:23:14.181,6.97932,6.978630000000001,1300,450
24.06.2024 00:23:15.436,6.97931,6.97858,1100,9549.9998
24.06.2024 00:23:21.109,6.97928,6.97858,1200,350
24.06.2024 00:23:22.920,6.9792700000000005,6.978680000000001,600,600
24.06.2024 00:23:33.508,6.979240000000001,6.97864,500,700
24.06.2024 00:23:36.666,6.9791300000000005,6.978600000000001,1300,800
24.06.2024 00:23:37.073,6.97914,6.978719999999999,700,1200
24.06.2024 00:23:46.705,6.979350000000001,6.9787300000000005,800,1200
24.06.2024 00:23:48.112,6.97935,6.9785900000000005,1000,550
24.06.2024 00:23:51.977,6.9793,6.97861,800,1100
24.06.2024 00:23:52.078,6.97919,6.9785200000000005,900,9049.9998
24.06.2024 00:23:52.292,6.97925,6.9785699999999995,800,9799.9996
24.06.2024 00:23:57.410,6.97927,6.978719999999999,1400,900
24.06.2024 00:24:11.565,6.979280000000001,6.97873,900,400
24.06.2024 00:24:18.496,6.979310000000001,6.97868,1400,400
24.06.2024 00:24:20.256,6.9792700000000005,6.97878,700,700
24.06.2024 00:24:29.839,6.979330000000001,6.9787099999999995,1400,800
24.06.2024 00:24:41.580,6.979290000000001,6.978670000000001,1100,1100
24.06.2024 00:24:47.751,6.9790600000000005,6.9785900000000005,900,50
24.06.2024 00:24:47.803,6.97932,6.97875,800,400
24.06.2024 00:24:47.870,6.979120000000001,6.978750000000001,50,1100
24.06.2024 00:24:47.926,6.9792700000000005,6.97877,1300,1300
24.06.2024 00:24:58.016,6.979290000000001,6.97875,900,1300
24.06.2024 00:25:08.450,6.97932,6.97876,900,1300
24.06.2024 00:25:18.698,6.97932,6.97883,400,700
24.06.2024 00:25:31.539,6.979350000000001,6.9787799999999995,1000,1300
24.06.2024 00:25:46.194,6.979330000000001,6.978870000000001,350,1200
24.06.2024 00:25:46.247,6.979260000000001,6.97873,500,900
24.06.2024 00:25:46.298,6.9791500000000015,6.97867,700,150
24.06.2024 00:25:46.403,6.97909,6.97868,1000,850
24.06.2024 00:25:46.454,6.9791099999999995,6.978550000000001,900,1000
24.06.2024 00:25:47.460,6.979170000000001,6.97866,650,500
24.06.2024 00:25:47.561,6.97924,6.97875,8700,1100
24.06.2024 00:25:47.713,6.9793400000000005,6.978750000000002,1300,1200
24.06.2024 00:25:59.061,6.97928,6.978720000000001,1000,900
24.06.2024 00:25:59.566,6.97921,6.9787,1300,900
24.06.2024 00:26:08.557,6.97904,6.97857,1100,8800
24.06.2024 00:26:08.760,6.97911,6.978530000000001,1200,1200
24.06.2024 00:26:19.457,6.978999999999999,6.97848,1300,1300
24.06.2024 00:26:30.405,6.97908,6.978510000000001,1200,500
24.06.2024 00:26:36.276,6.97907,6.9785200000000005,700,700
24.06.2024 00:26:36.377,6.97904,6.97848,1200,1150
24.06.2024 00:26:39.392,6.97904,6.978540000000001,1200,500
24.06.2024 00:26:40.097,6.97908,6.97857,50,1000
24.06.2024 00:26:43.257,6.979160000000001,6.9785900000000005,1000,1100
24.06.2024 00:26:43.308,6.97918,6.97844,1300,1000
24.06.2024 00:26:53.297,6.97918,6.97849,1400,1100
24.06.2024 00:26:59.022,6.97917,6.97851,400,900
24.06.2024 00:27:01.635,6.979260000000001,6.978600000000001,700,1200
24.06.2024 00:27:02.089,6.979229999999999,6.97868,500,1100
24.06.2024 00:27:06.508,6.979210000000001,6.97863,1200,1200
24.06.2024 00:27:06.609,6.97914,6.97864,1200,1000
24.06.2024 00:27:08.369,6.97901,6.97849,500,150
24.06.2024 00:27:10.029,6.9790600000000005,6.978479999999999,1300,500
24.06.2024 00:27:12.090,6.97909,6.978560000000001,900,500
24.06.2024 00:27:14.950,6.979010000000001,6.97851,1400,500
24.06.2024 00:27:15.052,6.97902,6.9784,600,700
24.06.2024 00:27:17.670,6.978960000000001,6.9783800000000005,400,1200
24.06.2024 00:27:17.821,6.97888,6.978230000000001,1400,10250.0004
24.06.2024 00:27:18.424,6.9789200000000005,6.97828,1300,1000
24.06.2024 00:27:23.695,6.9789200000000005,6.97843,1200,600
24.06.2024 00:27:29.967,6.978860000000001,6.978370000000001,900,900
24.06.2024 00:27:32.028,6.978890000000001,6.97834,1100,900
24.06.2024 00:27:32.280,6.978980000000001,6.978450000000001,-50,800
24.06.2024 00:27:33.738,6.9790600000000005,6.978420000000001,700,800
24.06.2024 00:27:37.202,6.97891,6.978350000000001,1300,1000
24.06.2024 00:27:47.291,6.97895,6.978330000000001,500,700
24.06.2024 00:27:49.151,6.979069999999999,6.978490000000001,1000,700
24.06.2024 00:27:50.409,6.97902,6.978420000000001,700,1200
24.06.2024 00:27:53.321,6.97895,6.9783800000000005,800,1300
24.06.2024 00:27:55.531,6.9790399999999995,6.9784,450,900
24.06.2024 00:27:55.633,6.979000000000001,6.978480000000001,950,600
24.06.2024 00:27:55.734,6.979010000000001,6.978550000000001,950,800
24.06.2024 00:27:56.840,6.9790800000000015,6.978560000000001,1100,900
24.06.2024 00:28:00.007,6.97904,6.9785,1300,1200
24.06.2024 00:28:04.627,6.97904,6.97839,500,500
24.06.2024 00:28:04.829,6.979010000000001,6.97836,-50,400
24.06.2024 00:28:04.981,6.97885,6.97831,500,9100
24.06.2024 00:28:05.133,6.978890000000001,6.9783100000000005,700,1100
24.06.2024 00:28:11.548,6.979000000000001,6.97837,500,1300
24.06.2024 00:28:16.366,6.979050000000001,6.9783599999999995,450,1300
24.06.2024 00:28:16.518,6.97907,6.9783599999999995,1100,1150
24.06.2024 00:28:29.024,6.9789200000000005,6.97825,400,850
24.06.2024 00:28:29.326,6.97897,6.9783100000000005,500,10099.9996
24.06.2024 00:28:39.023,6.9789900000000005,6.97833,500,1000
24.06.2024 00:28:48.824,6.979030000000001,6.97837,400,850
24.06.2024 00:28:51.488,6.978940000000001,6.97833,1000,9399.9996
24.06.2024 00:28:56.918,6.978980000000001,6.9782600000000015,1300,850
24.06.2024 00:28:57.019,6.978940000000001,6.978320000000001,1400,50
24.06.2024 00:29:00.431,6.979100000000001,6.9783100000000005,1100,1050
24.06.2024 00:29:02.541,6.97905,6.978340000000001,900,550
24.06.2024 00:29:02.642,6.97896,6.97836,1100,9949.9998
24.06.2024 00:29:02.844,6.97901,6.978269999999999,600,10199.9996
24.06.2024 00:29:03.950,6.97898,6.97829,1000,550
24.06.2024 00:29:06.913,6.97896,6.9782600000000015,1300,9400
24.06.2024 00:29:07.014,6.97904,6.97836,800,550
24.06.2024 00:29:08.723,6.97903,6.97834,1100,9749.9998
24.06.2024 00:29:08.925,6.97903,6.978319999999999,400,350
24.06.2024 00:29:10.431,6.9789900000000005,6.97829,800,550
24.06.2024 00:29:15.752,6.9789900000000005,6.978389999999999,1100,350
24.06.2024 00:29:18.823,6.97898,6.97828,700,750
24.06.2024 00:29:19.025,6.97904,6.97838,1200,550
24.06.2024 00:29:20.781,6.97898,6.97829,1100,250
24.06.2024 00:29:20.883,6.97903,6.9783,500,10099.9996
24.06.2024 00:29:27.158,6.97897,6.978299999999999,1400,1100
24.06.2024 00:29:48.291,6.978930000000001,6.978249999999999,1000,150
24.06.2024 00:29:48.448,6.97883,6.97824,1200,9300
24.06.2024 00:29:48.550,6.97888,6.97823,1200,550
24.06.2024 00:29:48.701,6.97883,6.978210000000001,1300,2750
24.06.2024 00:29:49.354,6.978580000000001,6.97818,1000,750
24.06.2024 00:29:49.505,6.978550000000001,6.97808,1200,9100
24.06.2024 00:29:49.607,6.9785200000000005,6.977880000000001,400,9000
24.06.2024 00:29:50.310,6.978610000000001,6.977880000000001,1000,9549.9998
24.06.2024 00:29:55.277,6.97853,6.97787,1200,9000
24.06.2024 00:29:58.137,6.9785200000000005,6.9779,1200,1200
24.06.2024 00:29:59.593,6.97871,6.9779100000000005,900,900
24.06.2024 00:29:59.644,6.9787,6.977960000000001,800,-50
24.06.2024 00:30:00.198,6.9786600000000005,6.977990000000001,600,850
24.06.2024 00:30:00.248,6.978720000000001,6.978020000000001,1100,700
24.06.2024 00:30:00.501,6.97879,6.97811,900,950
24.06.2024 00:30:00.804,6.97874,6.978080000000001,800,1050
24.06.2024 00:30:09.136,6.9787300000000005,6.977990000000001,700,500
24.06.2024 00:30:12.045,6.97871,6.978070000000001,900,850
24.06.2024 00:30:12.348,6.97878,6.977960000000001,1300,1400
24.06.2024 00:30:16.207,6.978720000000001,6.97802,700,850
24.06.2024 00:30:17.561,6.978770000000001,6.978030000000001,800,600
24.06.2024 00:30:20.654,6.978710000000001,6.978020000000001,800,9950.0004
24.06.2024 00:30:29.393,6.97866,6.97801,1100,1200
24.06.2024 00:30:38.536,6.978540000000001,6.977969999999999,500,750
24.06.2024 00:30:38.638,6.978560000000001,6.977900000000001,1100,8700
24.06.2024 00:30:38.689,6.978610000000001,6.9779100000000005,800,800
24.06.2024 00:30:48.777,6.978610000000001,6.97787,1000,850
24.06.2024 00:30:49.179,6.978580000000001,6.977870000000001,1100,450
24.06.2024 00:30:49.582,6.978580000000001,6.97788,600,50
24.06.2024 00:30:50.136,6.97863,6.9779800000000005,1000,1200
24.06.2024 00:30:50.439,6.97864,6.97796,800,750
24.06.2024 00:30:52.345,6.978620000000001,6.97798,1300,350
24.06.2024 00:30:52.447,6.978540000000001,6.97792,1000,8500
24.06.2024 00:30:52.499,6.978600000000001,6.97781,1000,350
24.06.2024 00:31:04.188,6.978540000000001,6.97783,500,1050
24.06.2024 00:31:04.289,6.978540000000001,6.97782,1000,250
24.06.2024 00:31:04.390,6.978560000000001,6.977930000000001,1100,750
24.06.2024 00:31:04.492,6.978649999999999,6.97799,700,1000
24.06.2024 00:31:04.593,6.97866,6.97801,500,-50
24.06.2024 00:31:07.662,6.978699999999999,6.97796,800,750
24.06.2024 00:31:16.938,6.978649999999999,6.97801,700,750
24.06.2024 00:31:18.456,6.978699999999999,6.97805,600,-50
24.06.2024 00:31:20.163,6.978699999999999,6.97805,900,250
24.06.2024 00:31:21.568,6.97876,6.97803,700,150
24.06.2024 00:31:27.439,6.97875,6.97799,900,1200
24.06.2024 00:31:27.590,6.97871,6.9778899999999995,400,1450
24.06.2024 00:31:28.095,6.97857,6.977920000000001,1200,8900
24.06.2024 00:31:28.196,6.978580000000001,6.9779100000000005,1200,8600
24.06.2024 00:31:28.297,6.9785900000000005,6.97793,1400,450
24.06.2024 00:31:28.651,6.978530000000001,6.977800000000001,1200,700
24.06.2024 00:31:31.865,6.978440000000001,6.977850000000001,600,850
24.06.2024 00:31:32.017,6.978410000000001,6.9778,1200,9100
24.06.2024 00:31:32.118,6.978380000000001,6.9777000000000005,1100,950
24.06.2024 00:31:32.470,6.978330000000001,6.977640000000001,600,8600
24.06.2024 00:31:32.621,6.978370000000001,6.977620000000001,1200,800
24.06.2024 00:31:36.234,6.97833,6.9776299999999996,1100,850
24.06.2024 00:31:36.386,6.97831,6.9776,1100,8600
24.06.2024 00:31:36.487,6.97828,6.977570000000001,1300,1550
24.06.2024 00:31:36.589,6.97835,6.977670000000001,1300,800
24.06.2024 00:31:36.690,6.97837,6.97765,1000,550
24.06.2024 00:31:37.143,6.97834,6.977630000000001,600,750
24.06.2024 00:31:38.350,6.9783,6.977650000000001,1200,1100
24.06.2024 00:31:43.314,6.978300000000001,6.977650000000001,700,50
24.06.2024 00:31:46.272,6.97839,6.977660000000001,800,1000
24.06.2024 00:31:47.176,6.97838,6.977810000000001,700,1000
24.06.2024 00:31:51.749,6.978400000000001,6.9777000000000005,700,700
24.06.2024 00:32:00.546,6.97835,6.977720000000001,550,1000
24.06.2024 00:32:01.701,6.9783599999999995,6.97768,400,800
24.06.2024 00:32:04.059,6.978260000000001,6.97759,1200,1100
24.06.2024 00:32:08.481,6.978300000000001,6.977640000000001,800,500
24.06.2024 00:32:10.696,6.978210000000001,6.9776,900,950
24.06.2024 00:32:10.797,6.978130000000001,6.977600000000001,600,650
24.06.2024 00:32:11.953,6.978070000000001,6.977550000000001,700,1000
24.06.2024 00:32:16.923,6.97809,6.977410000000001,1100,1200
24.06.2024 00:32:20.440,6.97809,6.9774199999999995,1000,9699.9996
24.06.2024 00:32:21.096,6.97794,6.97737,700,9400
24.06.2024 00:32:21.147,6.97793,6.97733,1100,10399.9996
24.06.2024 00:32:21.501,6.97797,6.97733,1000,1300
24.06.2024 00:32:26.668,6.977950000000001,6.977379999999999,1200,800
24.06.2024 00:32:27.122,6.978020000000001,6.977390000000001,1300,450
24.06.2024 00:32:27.223,6.9780000000000015,6.97736,900,650
24.06.2024 00:32:28.278,6.97796,6.977400000000001,900,450
24.06.2024 00:32:29.885,6.9779800000000005,6.97741,600,1000
24.06.2024 00:32:45.203,6.978070000000001,6.977470000000001,700,500
24.06.2024 00:32:58.285,6.97806,6.977400000000001,700,1100
24.06.2024 00:33:00.647,6.97806,6.977399999999999,1100,1300
24.06.2024 00:33:11.546,6.978050000000001,6.977400000000001,1350,1300
24.06.2024 00:33:21.739,6.978040000000001,6.977399999999999,1100,1200
24.06.2024 00:33:31.701,6.978040000000001,6.977360000000001,1000,400
24.06.2024 00:33:38.882,6.9780000000000015,6.97729,1300,8800
24.06.2024 00:33:38.933,6.977940000000001,6.977330000000001,900,1300
24.06.2024 00:33:50.231,6.977970000000001,6.977290000000001,400,400
24.06.2024 00:33:54.597,6.97794,6.97733,1000,500
24.06.2024 00:34:04.880,6.978,6.977390000000001,1100,1400
24.06.2024 00:34:19.401,6.977930000000001,6.977390000000001,500,800
24.06.2024 00:34:23.872,6.9779800000000005,6.9773000000000005,1400,350
24.06.2024 00:34:24.024,6.97802,6.977320000000001,900,750
24.06.2024 00:34:24.126,6.97794,6.977270000000001,1300,500
24.06.2024 00:34:24.228,6.977810000000001,6.977240000000001,1100,850
24.06.2024 00:34:24.531,6.9778400000000005,6.977130000000001,1200,500
24.06.2024 00:34:24.883,6.97769,6.97715,500,50
24.06.2024 00:34:24.985,6.977460000000001,6.97705,600,550
24.06.2024 00:34:25.035,6.9774400000000005,6.977120000000001,600,9400
24.06.2024 00:34:25.137,6.97745,6.97676,900,850
24.06.2024 00:34:25.591,6.97733,6.97671,900,-50
24.06.2024 00:34:25.693,6.97728,6.9765999999999995,1400,600
24.06.2024 00:34:26.345,6.97742,6.9766900000000005,550,1100
24.06.2024 00:34:26.447,6.977430000000001,6.976710000000001,1100,600
24.06.2024 00:34:28.908,6.977380000000001,6.976680000000001,1000,8700
24.06.2024 00:34:29.561,6.97739,6.9765999999999995,1400,800
24.06.2024 00:34:41.049,6.97734,6.97663,600,600
24.06.2024 00:34:51.536,6.97736,6.9765999999999995,800,400
24.06.2024 00:35:01.545,6.97736,6.976650000000001,600,1000
24.06.2024 00:35:06.370,6.9774400000000005,6.976719999999999,1100,900
24.06.2024 00:35:07.025,6.977390000000001,6.9766699999999995,600,8900
24.06.2024 00:35:07.126,6.97738,6.976610000000001,1000,9599.9996
24.06.2024 00:35:19.574,6.977270000000001,6.9765999999999995,500,350
24.06.2024 00:35:19.675,6.97709,6.97654,1300,750
24.06.2024 00:35:19.777,6.97696,6.976470000000001,1100,950
24.06.2024 00:35:19.828,6.976880000000001,6.97631,1000,8900
24.06.2024 00:35:19.879,6.976819999999999,6.97626,500,9100
24.06.2024 00:35:19.980,6.9766200000000005,6.9763,1300,9200
24.06.2024 00:35:20.031,6.97667,6.976120000000001,700,550
24.06.2024 00:35:20.082,6.976680000000001,6.97605,500,1950
24.06.2024 00:35:21.241,6.976580000000001,6.97592,800,850
24.06.2024 00:35:21.342,6.976560000000001,6.97591,1100,1300
24.06.2024 00:35:21.947,6.976670000000001,6.975930000000001,900,900
24.06.2024 00:35:22.349,6.976670000000001,6.97609,800,1000
24.06.2024 00:35:24.858,6.9766200000000005,6.97597,1100,500
24.06.2024 00:35:32.531,6.97663,6.97604,900,1200
24.06.2024 00:35:38.154,6.97663,6.97594,400,750
24.06.2024 00:35:38.205,6.97668,6.97602,1000,900
24.06.2024 00:35:51.058,6.976650000000001,6.9759400000000005,900,900
24.06.2024 00:35:51.461,6.976610000000001,6.975950000000001,500,850
24.06.2024 00:35:53.425,6.97666,6.97603,1200,750
24.06.2024 00:35:56.739,6.97672,6.97608,900,400
24.06.2024 00:35:56.890,6.97676,6.97607,1300,550
24.06.2024 00:35:56.992,6.97676,6.976030000000001,1000,850
24.06.2024 00:36:02.163,6.97687,6.976300000000001,50,800
24.06.2024 00:36:02.265,6.97686,6.976349999999999,8900,800
24.06.2024 00:36:02.366,6.97691,6.97632,9000,650
24.06.2024 00:36:02.417,6.97702,6.97634,900,-50
24.06.2024 00:36:02.468,6.977040000000001,6.97641,1300,950
24.06.2024 00:36:02.670,6.9770900000000005,6.9763,500,950
24.06.2024 00:36:05.332,6.97713,6.97644,700,400
24.06.2024 00:36:06.740,6.97707,6.976470000000001,1000,950
24.06.2024 00:36:08.497,6.977080000000001,6.976460000000001,600,1200
24.06.2024 00:36:20.231,6.977010000000001,6.97631,1400,50
24.06.2024 00:36:20.383,6.977020000000001,6.976299999999999,1300,9200
24.06.2024 00:36:20.484,6.977030000000001,6.9762900000000005,500,600
24.06.2024 00:36:23.550,6.977020000000001,6.976299999999999,600,850
24.06.2024 00:36:38.481,6.976990000000001,6.976320000000001,500,10650.0004
24.06.2024 00:36:51.725,6.97706,6.97635,700,1100
24.06.2024 00:37:01.715,6.977049999999999,6.976380000000001,600,1000
24.06.2024 00:37:11.703,6.97708,6.976349999999999,1300,900
24.06.2024 00:37:21.821,6.976990000000001,6.976319999999999,1100,1100
24.06.2024 00:37:23.979,6.97702,6.97626,1200,9500
24.06.2024 00:37:24.231,6.976929999999999,6.976319999999999,600,9300
24.06.2024 00:37:25.388,6.976979999999999,6.97631,1300,9200
24.06.2024 00:37:28.449,6.97701,6.976319999999999,1200,250
24.06.2024 00:37:31.064,6.97702,6.97639,700,1400
24.06.2024 00:37:31.165,6.97703,6.97627,1400,1050
24.06.2024 00:37:37.340,6.976800000000001,6.976360000000001,600,350
24.06.2024 00:37:37.391,6.97698,6.9763,900,250
24.06.2024 00:37:37.493,6.97695,6.97628,900,600
24.06.2024 00:38:06.138,6.976920000000001,6.9763399999999995,600,550
24.06.2024 00:38:06.240,6.9768300000000005,6.976210000000001,900,950
24.06.2024 00:38:06.341,6.97672,6.97618,1100,2150
24.06.2024 00:38:07.598,6.97674,6.976050000000001,800,450
24.06.2024 00:38:08.886,6.976730000000001,6.9760800000000005,800,800
24.06.2024 00:38:19.632,6.9767399999999995,6.976100000000001,800,1400
24.06.2024 00:38:36.740,6.976800000000001,6.97618,1100,1100
24.06.2024 00:38:36.791,6.976920000000001,6.9762900000000005,9949.9998,1300
24.06.2024 00:38:36.942,6.97691,6.97627,1400,700
24.06.2024 00:38:37.195,6.97693,6.97634,1000,650
24.06.2024 00:38:40.608,6.9769000000000005,6.9762900000000005,1300,750
24.06.2024 00:38:46.434,6.9769000000000005,6.9762900000000005,700,550
24.06.2024 00:38:51.553,6.9768799999999995,6.976240000000001,700,350
24.06.2024 00:38:56.617,6.97691,6.976320000000001,800,-50
24.06.2024 00:38:57.020,6.976929999999999,6.976240000000001,900,850
24.06.2024 00:38:58.226,6.97693,6.976210000000001,1100,950
24.06.2024 00:39:08.941,6.97693,6.97637,1000,500
24.06.2024 00:39:09.850,6.97694,6.9762200000000005,1200,9849.9998
24.06.2024 00:39:12.512,6.97689,6.976240000000001,500,9200
24.06.2024 00:39:12.614,6.9769499999999995,6.976280000000001,800,850
24.06.2024 00:39:12.916,6.97689,6.976240000000001,1200,9249.9998
24.06.2024 00:39:13.571,6.9769499999999995,6.9762900000000005,600,150
24.06.2024 00:39:13.672,6.9769499999999995,6.976260000000001,500,250
24.06.2024 00:39:25.268,6.97702,6.976389999999999,700,1000
24.06.2024 00:39:25.370,6.976990000000001,6.9763,800,850
24.06.2024 00:39:25.471,6.977040000000001,6.976300000000001,700,1300
24.06.2024 00:39:25.924,6.97696,6.97634,600,1000
24.06.2024 00:39:28.638,6.976970000000001,6.97631,800,1200
24.06.2024 00:39:40.974,6.977060000000001,6.97628,1400,400
24.06.2024 00:39:51.212,6.977,6.9763,1000,600
24.06.2024 00:39:53.721,6.97698,6.976399999999999,700,1200
24.06.2024 00:40:00.223,6.9770199999999996,6.97626,1000,450
24.06.2024 00:40:01.780,6.97697,6.976310000000001,1000,1750
24.06.2024 00:40:08.911,6.97696,6.97628,500,700
24.06.2024 00:40:13.324,6.9770199999999996,6.976360000000001,700,50
24.06.2024 00:40:13.526,6.9770199999999996,6.976319999999999,1000,1750
24.06.2024 00:40:13.627,6.9769499999999995,6.9763,800,750
24.06.2024 00:40:13.729,6.9769499999999995,6.97631,1100,1200
24.06.2024 00:40:17.190,6.977069999999999,6.976360000000001,500,1100
24.06.2024 00:40:17.493,6.977110000000001,6.97636,1300,-50
24.06.2024 00:40:18.048,6.977070000000001,6.97634,1200,1100
24.06.2024 00:40:19.757,6.97708,6.97634,350,1300
24.06.2024 00:40:20.260,6.977050000000001,6.97637,800,600
24.06.2024 00:40:21.565,6.977060000000001,6.97627,250,400
24.06.2024 00:40:21.666,6.977010000000001,6.97627,1300,8900
24.06.2024 00:40:21.919,6.976930000000001,6.976230000000001,900,900
24.06.2024 00:40:25.232,6.977000000000001,6.97623,600,250
24.06.2024 00:40:28.801,6.97697,6.9762900000000005,1300,850
24.06.2024 00:40:28.902,6.977000000000001,6.976360000000001,1300,450
24.06.2024 00:40:29.005,6.976930000000001,6.976319999999999,700,50
24.06.2024 00:40:30.213,6.97696,6.97627,400,450
24.06.2024 00:40:31.669,6.976970000000001,6.976310000000001,1300,350
24.06.2024 00:40:31.871,6.977040000000001,6.9762900000000005,800,1000
24.06.2024 00:40:32.574,6.977060000000001,6.97627,1100,450
24.06.2024 00:40:34.683,6.9769,6.97634,1100,550
24.06.2024 00:40:34.784,6.97674,6.97627,700,250
24.06.2024 00:40:34.835,6.976680000000001,6.976060000000001,1100,-50
24.06.2024 00:40:34.937,6.97667,6.9760800000000005,800,800
24.06.2024 00:40:40.161,6.976730000000001,6.975980000000001,500,650
24.06.2024 00:40:40.212,6.976490000000001,6.975980000000001,1200,350
24.06.2024 00:40:40.314,6.97633,6.97595,600,8600
24.06.2024 00:40:40.466,6.97627,6.975650000000002,1000,1250
24.06.2024 00:40:41.472,6.97633,6.9756599999999995,1000,400
24.06.2024 00:40:51.540,6.97633,6.975670000000001,1100,9949.9998
24.06.2024 00:40:55.402,6.97636,6.975669999999999,1400,8900
24.06.2024 00:40:56.658,6.97647,6.975700000000001,800,1300
24.06.2024 00:40:56.760,6.97647,6.975760000000001,9799.9996,1100
24.06.2024 00:40:56.962,6.97646,6.975800000000001,900,150
24.06.2024 00:41:00.828,6.97649,6.975790000000001,1400,700
24.06.2024 00:41:02.540,6.97646,6.97576,600,50
24.06.2024 00:41:04.898,6.976520000000001,6.97586,500,650
24.06.2024 00:41:05.100,6.97651,6.97577,1400,650
24.06.2024 00:41:07.109,6.97653,6.9758000000000004,800,150
24.06.2024 00:41:07.210,6.97655,6.975829999999999,1300,350
24.06.2024 00:41:07.863,6.976560000000001,6.97576,600,450
24.06.2024 00:41:09.070,6.976470000000001,6.97582,400,350
24.06.2024 00:41:09.321,6.97658,6.9758,10199.9996,650
24.06.2024 00:41:09.372,6.976570000000001,6.975960000000001,9200,600
24.06.2024 00:41:09.475,6.97663,6.9761000000000015,9300,700
24.06.2024 00:41:09.576,6.97681,6.97607,1400,950
24.06.2024 00:41:10.382,6.976850000000001,6.976020000000001,600,600
24.06.2024 00:41:10.985,6.97677,6.9761000000000015,450,900
24.06.2024 00:41:12.992,6.976850000000001,6.976070000000001,500,650
24.06.2024 00:41:13.093,6.976810000000001,6.9762200000000005,9100,700
24.06.2024 00:41:13.144,6.97689,6.9762900000000005,850,400
24.06.2024 00:41:13.195,6.97698,6.976310000000001,1100,850
24.06.2024 00:41:13.347,6.977000000000001,6.9762900000000005,8600,500
24.06.2024 00:41:13.398,6.977080000000001,6.976350000000001,1200,900
24.06.2024 00:41:18.726,6.977130000000001,6.97641,700,550
24.06.2024 00:41:19.630,6.977110000000001,6.976310000000001,1300,250
24.06.2024 00:41:26.150,6.977080000000001,6.97634,500,900
24.06.2024 00:41:27.355,6.977110000000001,6.97639,500,550
24.06.2024 00:41:31.583,6.97701,6.976360000000001,800,850
24.06.2024 00:41:35.149,6.976890000000001,6.97635,700,250
24.06.2024 00:41:35.200,6.9769,6.976310000000001,1000,450
24.06.2024 00:41:35.251,6.97701,6.976360000000001,1300,550
24.06.2024 00:41:35.302,6.97694,6.976250000000001,1200,400
24.06.2024 00:41:35.403,6.97696,6.97623,1300,250
24.06.2024 00:41:35.504,6.97701,6.976319999999999,1400,50
24.06.2024 00:41:35.606,6.97691,6.97625,900,50
24.06.2024 00:41:35.707,6.9769,6.976180000000001,1000,-50
24.06.2024 00:41:42.227,6.976850000000001,6.97618,1400,-50
24.06.2024 00:41:44.984,6.97699,6.97624,9400,700
24.06.2024 00:41:45.085,6.97698,6.9762,8800,250
24.06.2024 00:41:45.237,6.977010000000001,6.9762900000000005,900,650
24.06.2024 00:41:45.438,6.97706,6.97628,900,1000
24.06.2024 00:41:45.590,6.97703,6.976330000000001,1300,50
24.06.2024 00:41:45.791,6.97704,6.97628,600,1200
24.06.2024 00:41:46.093,6.97708,6.97636,1300,550
24.06.2024 00:41:48.050,6.977010000000001,6.97633,800,450
24.06.2024 00:41:48.101,6.97698,6.97633,1000,550
24.06.2024 00:41:48.152,6.97693,6.9762200000000005,500,8800
24.06.2024 00:41:48.304,6.97696,6.976200000000001,1300,850
24.06.2024 00:41:48.405,6.9769,6.976190000000001,500,-50
24.06.2024 00:41:48.757,6.976880000000001,6.97618,800,750
24.06.2024 00:41:49.211,6.97687,6.976160000000001,1300,150
24.06.2024 00:41:56.188,6.976810000000001,6.97614,700,550
24.06.2024 00:41:56.290,6.976880000000001,6.976249999999999,800,250
24.06.2024 00:41:58.399,6.976860000000001,6.976179999999999,1200,550
24.06.2024 00:42:00.359,6.976890000000001,6.97614,900,350
24.06.2024 00:42:05.024,6.976900000000001,6.97615,1000,1200
24.06.2024 00:42:05.877,6.976930000000001,6.9761500000000005,500,50
24.06.2024 00:42:07.332,6.976940000000001,6.976170000000001,400,800
24.06.2024 00:42:07.483,6.976940000000001,6.97626,900,750
24.06.2024 00:42:07.685,6.976990000000001,6.9762,500,1200
24.06.2024 00:42:08.288,6.976940000000001,6.9761999999999995,1000,50
24.06.2024 00:42:08.490,6.976890000000001,6.97618,800,9500
24.06.2024 00:42:08.591,6.9769000000000005,6.97616,400,1250
24.06.2024 00:42:10.248,6.97686,6.9761299999999995,600,-50
24.06.2024 00:42:18.293,6.97691,6.97622,1300,550
24.06.2024 00:42:20.352,6.976830000000001,6.9761299999999995,600,450
24.06.2024 00:42:20.503,6.97681,6.97606,700,550
24.06.2024 00:42:20.605,6.97681,6.97606,900,8500
24.06.2024 00:42:20.806,6.97674,6.976100000000001,1200,9400
24.06.2024 00:42:20.909,6.97676,6.976050000000001,1100,1050
24.06.2024 00:42:21.414,6.97686,6.97613,10099.9996,600
24.06.2024 00:42:21.517,6.97685,6.976120000000001,9899.9996,750
24.06.2024 00:42:26.584,6.97678,6.97614,600,1300
24.06.2024 00:42:28.293,6.97677,6.976120000000001,400,850
24.06.2024 00:42:34.018,6.97675,6.97607,500,600
24.06.2024 00:42:35.574,6.97678,6.97618,1400,550
24.06.2024 00:42:37.681,6.9768099999999995,6.97616,400,50
24.06.2024 00:42:38.987,6.97678,6.976120000000001,800,1050
24.06.2024 00:42:40.343,6.976819999999999,6.976140000000001,1100,850
24.06.2024 00:42:42.452,6.976839999999999,6.9761500000000005,1000,1450
24.06.2024 00:42:42.908,6.976700000000001,6.976020000000001,800,10150.0004
24.06.2024 00:42:50.025,6.97675,6.97615,1200,700
24.06.2024 00:42:57.191,6.97685,6.97616,900,1300
24.06.2024 00:43:08.582,6.97678,6.976120000000001,1200,1400
24.06.2024 00:43:13.752,6.976800000000001,6.97609,1000,500
24.06.2024 00:43:14.559,6.97677,6.9762,400,1300
24.06.2024 00:43:18.126,6.97695,6.97639,150,1000
24.06.2024 00:43:18.228,6.97694,6.97639,8500,1400
24.06.2024 00:43:18.329,6.97701,6.976419999999999,1300,900
24.06.2024 00:43:19.286,6.977060000000001,6.976540000000001,1300,700
24.06.2024 00:43:21.546,6.976999999999999,6.976430000000001,500,600
24.06.2024 00:43:31.535,6.97702,6.976380000000001,600,1400
24.06.2024 00:43:35.753,6.977,6.97641,400,900
24.06.2024 00:43:59.665,6.97698,6.97639,700,1300
24.06.2024 00:44:10.201,6.97699,6.976400000000001,400,1100
24.06.2024 00:44:20.552,6.977010000000001,6.97637,1100,1400
24.06.2024 00:44:31.544,6.976990000000001,6.97633,700,1300
24.06.2024 00:44:41.707,6.97698,6.9763399999999995,700,600
24.06.2024 00:44:51.740,6.977060000000001,6.97633,1300,400
24.06.2024 00:44:56.108,6.976930000000001,6.9762900000000005,500,550
24.06.2024 00:44:56.210,6.97687,6.976300000000001,500,650
24.06.2024 00:44:56.261,6.97688,6.97622,1000,9000
24.06.2024 00:44:56.362,6.97693,6.976190000000001,800,2050
24.06.2024 00:44:57.415,6.97687,6.97614,900,1000
24.06.2024 00:44:58.017,6.97685,6.976200000000001,1000,800
24.06.2024 00:45:08.006,6.97688,6.976120000000001,1100,400
24.06.2024 00:45:18.043,6.97689,6.9762200000000005,1400,600
24.06.2024 00:45:18.345,6.97684,6.97609,800,150
24.06.2024 00:45:19.755,6.97675,6.976110000000001,900,1200
24.06.2024 00:45:29.656,6.976769999999999,6.976140000000001,1100,600
24.06.2024 00:45:36.930,6.97673,6.97607,1200,9049.9998
24.06.2024 00:45:37.082,6.97672,6.97601,800,1200
24.06.2024 00:45:58.314,6.97674,6.97603,700,850
24.06.2024 00:45:58.867,6.97674,6.976090000000001,1000,600
24.06.2024 00:46:01.579,6.976840000000001,6.97611,1400,800
24.06.2024 00:46:08.854,6.97678,6.976100000000001,600,450
24.06.2024 00:46:08.905,6.97673,6.976020000000001,600,9300
24.06.2024 00:46:09.007,6.976749999999999,6.97601,500,1100
24.06.2024 00:46:10.666,6.976719999999999,6.976140000000001,1100,500
24.06.2024 00:46:21.570,6.97673,6.97611,1000,600
24.06.2024 00:46:30.456,6.97671,6.976170000000001,700,1100
24.06.2024 00:46:34.672,6.9768300000000005,6.97621,450,1300
24.06.2024 00:46:36.880,6.976770000000001,6.9762200000000005,1000,1000
24.06.2024 00:46:37.131,6.97681,6.97639,450,1200
24.06.2024 00:46:37.233,6.97682,6.97654,150,400
24.06.2024 00:46:37.284,6.97706,6.97651,150,500
24.06.2024 00:46:37.335,6.977100000000001,6.9765000000000015,1300,500
24.06.2024 00:46:47.375,6.97719,6.97659,1750,1100
24.06.2024 00:46:48.129,6.977170000000001,6.97656,500,1000
24.06.2024 00:46:49.485,6.977100000000001,6.97653,1100,600
24.06.2024 00:46:54.100,6.977040000000001,6.97648,450,800
24.06.2024 00:46:56.322,6.97707,6.97651,700,800
24.06.2024 00:47:05.756,6.97683,6.97634,800,600
24.06.2024 00:47:11.680,6.976819999999999,6.976170000000001,1300,1450
24.06.2024 00:47:16.799,6.97672,6.976150000000001,700,1100
24.06.2024 00:47:17.854,6.9766900000000005,6.97606,400,750
24.06.2024 00:47:17.905,6.976640000000001,6.97611,600,1200
24.06.2024 00:47:28.950,6.976730000000001,6.97605,900,600
24.06.2024 00:47:39.381,6.976630000000001,6.9760800000000005,500,500
24.06.2024 00:47:42.293,6.976660000000001,6.97614,400,1000
24.06.2024 00:47:45.687,6.97669,6.97611,1200,1250
24.06.2024 00:47:48.954,6.976719999999999,6.97615,500,1200
24.06.2024 00:47:50.111,6.9767600000000005,6.976130000000001,1050,600
24.06.2024 00:48:00.095,6.97681,6.9762,1250,800
24.06.2024 00:48:05.568,6.9767600000000005,6.97618,1300,500
24.06.2024 00:48:15.557,6.976730000000001,6.976170000000001,600,900
24.06.2024 00:48:31.550,6.97674,6.97614,400,800
24.06.2024 00:48:39.329,6.97681,6.9762200000000005,150,1000
24.06.2024 00:48:39.431,6.97687,6.9762200000000005,350,1100
24.06.2024 00:48:40.586,6.97687,6.9763,900,1200
24.06.2024 00:48:48.012,6.976890000000001,6.976299999999999,1050,500
24.06.2024 00:48:48.113,6.976789999999999,6.976250000000001,600,1200
24.06.2024 00:48:51.629,6.97667,6.97611,500,400
24.06.2024 00:49:01.719,6.97669,6.97613,400,500
24.06.2024 00:49:11.707,6.97667,6.976120000000001,1000,1000
24.06.2024 00:49:21.720,6.97673,6.976170000000001,1200,800
24.06.2024 00:49:31.707,6.9766900000000005,6.976170000000001,1200,900
24.06.2024 00:49:41.739,6.97673,6.97615,1200,600
24.06.2024 00:49:49.767,6.976660000000001,6.97615,1400,800
24.06.2024 00:49:50.572,6.97668,6.9761500000000005,1200,600
24.06.2024 00:49:53.783,6.97681,6.976170000000001,800,1000
24.06.2024 00:50:01.065,6.976710000000001,6.976110000000001,900,400
24.06.2024 00:50:01.166,6.97665,6.97609,900,450
24.06.2024 00:50:01.268,6.97667,6.976010000000001,900,600
24.06.2024 00:50:11.349,6.976730000000001,6.97607,900,1000
24.06.2024 00:50:11.901,6.9768099999999995,6.97609,800,1100
24.06.2024 00:50:13.212,6.97676,6.976080000000001,800,1300
24.06.2024 00:50:15.225,6.97674,6.9759899999999995,400,1100
24.06.2024 00:50:20.851,6.97668,6.97601,750,1100
24.06.2024 00:50:23.364,6.97668,6.97596,700,500
24.06.2024 00:50:25.576,6.97672,6.9761000000000015,500,1100
24.06.2024 00:50:29.394,6.976710000000001,6.97615,1200,600
24.06.2024 00:50:29.597,6.97668,6.976150000000001,1300,1300
24.06.2024 00:50:34.922,6.97677,6.9761999999999995,1300,1100
24.06.2024 00:50:35.675,6.976680000000001,6.97612,1200,1000
24.06.2024 00:50:40.650,6.9766200000000005,6.976080000000001,1000,800
24.06.2024 00:50:51.565,6.976700000000001,6.9761000000000015,800,800
24.06.2024 00:50:56.082,6.97677,6.976319999999999,750,500
24.06.2024 00:50:56.133,6.976910000000001,6.97629,9499.9996,800
24.06.2024 00:50:56.436,6.976940000000001,6.97639,1100,500
24.06.2024 00:51:06.423,6.97693,6.97631,800,1200
24.06.2024 00:51:14.284,6.976979999999999,6.9764100000000004,250,500
24.06.2024 00:51:14.738,6.977,6.976400000000001,1400,1300
24.06.2024 00:51:18.133,6.97705,6.97653,1000,1400
24.06.2024 00:51:18.639,6.97694,6.976449999999999,1200,1300
24.06.2024 00:51:22.616,6.976940000000001,6.97638,1400,1300
24.06.2024 00:51:32.600,6.9769499999999995,6.97635,1200,900
24.06.2024 00:51:43.039,6.97702,6.976380000000002,1000,1200
24.06.2024 00:51:47.104,6.977040000000001,6.97653,1300,1300
24.06.2024 00:51:47.206,6.97717,6.976750000000001,9749.9998,1300
24.06.2024 00:51:47.307,6.97711,6.9768300000000005,9100,1100
24.06.2024 00:51:47.358,6.97743,6.97684,800,1300
24.06.2024 00:51:54.298,6.977380000000001,6.976780000000001,1300,400
24.06.2024 00:51:56.054,6.9773499999999995,6.97678,50,500
24.06.2024 00:51:59.315,6.97739,6.97677,800,1200
24.06.2024 00:52:07.188,6.97737,6.97664,700,500
24.06.2024 00:52:09.948,6.9771800000000015,6.976649999999999,1000,900
24.06.2024 00:52:10.049,6.97708,6.976590000000001,500,750
24.06.2024 00:52:10.100,6.977100000000001,6.9764800000000005,900,600
24.06.2024 00:52:10.151,6.97696,6.976450000000001,1100,1200
24.06.2024 00:52:11.862,6.97693,6.976360000000001,700,1100
24.06.2024 00:52:21.858,6.976990000000001,6.976439999999999,900,1300
24.06.2024 00:52:32.290,6.977010000000001,6.976380000000002,600,500
24.06.2024 00:52:33.243,6.977040000000001,6.976450000000002,1300,900
24.06.2024 00:52:36.073,6.977040000000001,6.976390000000001,800,1000
24.06.2024 00:52:51.567,6.97699,6.97645,600,600
24.06.2024 00:52:55.980,6.97689,6.97634,900,350
24.06.2024 00:52:56.081,6.97686,6.976260000000001,1200,8900
24.06.2024 00:52:56.233,6.976850000000001,6.976210000000001,700,900
24.06.2024 00:52:56.536,6.97673,6.97611,700,1100
24.06.2024 00:52:58.094,6.97672,6.976100000000001,1100,700
24.06.2024 00:53:11.291,6.976670000000001,6.976070000000001,500,900
24.06.2024 00:53:17.566,6.976590000000001,6.97599,1100,1200
24.06.2024 00:53:26.905,6.97663,6.97604,1500,800
24.06.2024 00:53:27.161,6.9766200000000005,6.976030000000001,750,400
24.06.2024 00:53:28.719,6.97663,6.97599,500,1200
24.06.2024 00:53:31.978,6.976600000000001,6.97606,650,700
24.06.2024 00:53:36.942,6.97662,6.97602,900,600
24.06.2024 00:53:46.775,6.9765,6.97582,700,9899.9996
24.06.2024 00:53:46.826,6.976469999999999,6.9758,1100,9449.9998
24.06.2024 00:53:46.928,6.9764100000000004,6.97579,850,8700
24.06.2024 00:53:46.978,6.97639,6.97575,150,1450
24.06.2024 00:53:51.193,6.97631,6.9757299999999995,1200,700
24.06.2024 00:54:01.549,6.976310000000001,6.975770000000001,500,800
24.06.2024 00:54:09.420,6.976369999999999,6.975660000000001,900,1100
24.06.2024 00:54:10.478,6.97634,6.97576,1400,1300
24.06.2024 00:54:21.572,6.976299999999999,6.975800000000001,1000,700
24.06.2024 00:54:21.774,6.976390000000001,6.975970000000001,1050,900
24.06.2024 00:54:21.825,6.97652,6.975900000000001,1200,500
24.06.2024 00:54:26.894,6.97655,6.97595,500,700
24.06.2024 00:54:43.119,6.97639,6.97581,900,550
24.06.2024 00:54:43.220,6.97638,6.97576,500,9100
24.06.2024 00:54:43.373,6.976319999999999,6.97572,1300,1300
24.06.2024 00:54:48.195,6.976260000000001,6.97563,400,1200
24.06.2024 00:54:53.218,6.976030000000001,6.9755400000000005,1000,8600
24.06.2024 00:54:53.420,6.97606,6.975490000000001,900,400
24.06.2024 00:54:54.124,6.976,6.975450000000001,1100,1300
24.06.2024 00:54:54.529,6.97608,6.9756100000000005,850,1400
24.06.2024 00:54:54.630,6.97609,6.97556,600,1100
24.06.2024 00:54:55.135,6.97609,6.975520000000001,1000,1300
24.06.2024 00:54:58.099,6.97609,6.975550000000001,1050,600
24.06.2024 00:54:59.260,6.97606,6.975450000000001,1100,1200
24.06.2024 00:55:00.066,6.9761,6.97552,1450,1400
24.06.2024 00:55:00.168,6.97595,6.9753500000000015,1100,9400
24.06.2024 00:55:00.270,6.97594,6.975290000000001,1000,1000
24.06.2024 00:55:00.322,6.97606,6.97538,450,1300
24.06.2024 00:55:00.375,6.97597,6.97534,450,500
24.06.2024 00:55:00.427,6.97608,6.9754700000000005,9100,850
24.06.2024 00:55:00.529,6.97622,6.975420000000001,500,950
24.06.2024 00:55:00.631,6.976060000000001,6.975410000000001,700,500
24.06.2024 00:55:01.085,6.976090000000001,6.975490000000001,1300,1100
24.06.2024 00:55:01.942,6.97609,6.97537,1000,900
24.06.2024 00:55:03.753,6.9760100000000005,6.975340000000001,500,550
24.06.2024 00:55:05.012,6.97596,6.97531,800,900
24.06.2024 00:55:08.731,6.97585,6.975250000000002,1000,1850
24.06.2024 00:55:11.392,6.975890000000001,6.975180000000001,1200,1200
24.06.2024 00:55:11.995,6.975960000000001,6.975340000000001,700,500
24.06.2024 00:55:12.647,6.976,6.975330000000001,650,500
24.06.2024 00:55:12.799,6.975949999999999,6.975310000000001,500,1000
24.06.2024 00:55:13.151,6.97597,6.97526,900,1200
24.06.2024 00:55:14.960,6.97592,6.975249999999999,1100,1000
24.06.2024 00:55:15.061,6.975860000000001,6.9753,150,900
24.06.2024 00:55:15.212,6.97576,6.97526,350,1000
24.06.2024 00:55:15.464,6.9757500000000014,6.97512,1400,600
24.06.2024 00:55:17.575,6.97564,6.97493,700,1300
24.06.2024 00:55:17.626,6.97555,6.974930000000001,400,600
24.06.2024 00:55:17.727,6.97553,6.97487,900,9000
24.06.2024 00:55:17.879,6.97554,6.974849999999999,1300,800
24.06.2024 00:55:21.297,6.975490000000001,6.974869999999999,1550,1400
24.06.2024 00:55:23.657,6.97558,6.97496,250,400
24.06.2024 00:55:23.708,6.975599999999999,6.97505,450,600
24.06.2024 00:55:23.860,6.97558,6.97503,2150,600
24.06.2024 00:55:25.064,6.97573,6.97499,50,400
24.06.2024 00:55:30.279,6.97575,6.9749799999999995,1000,500
24.06.2024 00:55:34.941,6.975740000000001,6.9751,1100,600
24.06.2024 00:55:41.961,6.97571,6.97523,750,500
24.06.2024 00:55:42.113,6.97576,6.97519,1100,800
24.06.2024 00:55:46.581,6.9757299999999995,6.97506,800,900
24.06.2024 00:55:46.683,6.9757,6.975110000000001,250,1300
24.06.2024 00:55:49.397,6.97566,6.974970000000001,1400,800
24.06.2024 00:55:56.576,6.97572,6.975130000000001,1250,1000
24.06.2024 00:56:00.192,6.975820000000001,6.97531,850,500
24.06.2024 00:56:00.294,6.9759400000000005,6.9752600000000005,900,1100
24.06.2024 00:56:05.315,6.975960000000001,6.975370000000001,550,1100
24.06.2024 00:56:05.417,6.976050000000001,6.97541,750,900
24.06.2024 00:56:05.468,6.97599,6.975420000000001,9200,1300
24.06.2024 00:56:05.569,6.976020000000001,6.97538,450,500
24.06.2024 00:56:09.331,6.976050000000002,6.975490000000001,550,600
24.06.2024 00:56:09.483,6.97618,6.97551,150,500
24.06.2024 00:56:09.584,6.976200000000001,6.97545,150,600
24.06.2024 00:56:10.088,6.97616,6.9754700000000005,650,500
24.06.2024 00:56:12.096,6.97614,6.97553,350,1100
24.06.2024 00:56:19.071,6.97616,6.97553,350,1000
24.06.2024 00:56:19.122,6.9761500000000005,6.97557,-50,800
24.06.2024 00:56:19.223,6.976160000000001,6.97559,500,400
24.06.2024 00:56:23.157,6.97614,6.97555,550,1300
24.06.2024 00:56:23.308,6.97624,6.975650000000002,350,800
24.06.2024 00:56:23.459,6.9762900000000005,6.9756300000000016,8600,700
24.06.2024 00:56:23.560,6.97633,6.9756300000000016,150,1400
24.06.2024 00:56:24.214,6.976350000000001,6.97568,50,600
24.06.2024 00:56:24.315,6.976369999999999,6.97571,350,700
24.06.2024 00:56:24.416,6.9764300000000015,6.975720000000001,350,1000
24.06.2024 00:56:24.518,6.976460000000001,6.9757,450,900
24.06.2024 00:56:25.019,6.976450000000002,6.975750000000001,250,800
24.06.2024 00:56:25.271,6.976420000000001,6.97579,250,700
24.06.2024 00:56:37.659,6.976360000000001,6.97573,900,1100
24.06.2024 00:56:47.747,6.976389999999999,6.975790000000001,1300,1100
24.06.2024 00:56:53.565,6.976360000000001,6.975740000000001,850,900
24.06.2024 00:56:55.272,6.97643,6.975700000000001,500,400
24.06.2024 00:57:01.543,6.97631,6.9757,1100,800
24.06.2024 00:57:11.576,6.976330000000001,6.97574,1200,500
24.06.2024 00:57:31.747,6.97639,6.97574,750,500
24.06.2024 00:57:39.566,6.9764,6.975720000000001,1200,1000
24.06.2024 00:57:41.724,6.976360000000001,6.97573,800,1200
24.06.2024 00:58:00.169,6.976230000000001,6.97568,1200,800
24.06.2024 00:58:01.576,6.97634,6.975750000000001,1400,500
24.06.2024 00:58:13.558,6.976350000000001,6.97583,750,600
24.06.2024 00:58:13.659,6.97642,6.97582,1450,1300
24.06.2024 00:58:14.061,6.97627,6.975720000000001,600,700
24.06.2024 00:59:05.235,6.976370000000001,6.9758000000000004,150,500
24.06.2024 00:59:05.336,6.976399999999999,6.97581,800,1200
24.06.2024 00:59:05.890,6.976380000000001,6.9757299999999995,800,1300
24.06.2024 00:59:18.128,6.97642,6.975840000000001,950,800
24.06.2024 00:59:18.230,6.9764100000000004,6.975969999999999,9000,800
24.06.2024 00:59:18.280,6.9766,6.97599,600,800
24.06.2024 00:59:31.556,6.976610000000001,6.9760100000000005,500,1200
24.06.2024 00:59:41.729,6.976630000000001,6.97602,800,800
24.06.2024 01:00:01.738,6.976630000000001,6.976090000000001,500,1100
24.06.2024 01:00:09.228,6.976800000000001,6.97608,1300,400
24.06.2024 01:00:10.586,6.97678,6.97608,650,700
24.06.2024 01:00:11.290,6.976749999999999,6.9761500000000005,950,1100
24.06.2024 01:00:11.793,6.976719999999999,6.976070000000001,900,1400
24.06.2024 01:00:19.668,6.976749999999999,6.97629,250,1100
24.06.2024 01:00:19.769,6.97678,6.9762699999999995,8800,900
24.06.2024 01:00:19.921,6.97684,6.9763399999999995,650,1400
24.06.2024 01:00:20.072,6.97682,6.976280000000001,1300,700
24.06.2024 01:00:21.680,6.97681,6.976240000000001,1200,1200
24.06.2024 01:00:22.987,6.9768799999999995,6.9762200000000005,1850,1200
24.06.2024 01:00:23.038,6.97687,6.976320000000001,850,1000
24.06.2024 01:00:23.089,6.976950000000001,6.97638,9200,1200
24.06.2024 01:00:23.241,6.9769499999999995,6.97638,800,600
24.06.2024 01:00:25.600,6.977,6.976380000000002,1200,1200
24.06.2024 01:00:41.552,6.9769,6.97644,700,400
24.06.2024 01:00:51.739,6.97691,6.976330000000001,600,1100
24.06.2024 01:01:01.730,6.976990000000001,6.976450000000002,400,1400
24.06.2024 01:01:04.677,6.97681,6.9762900000000005,1400,800
24.06.2024 01:01:04.727,6.9766900000000005,6.97616,1300,10399.9996
24.06.2024 01:01:06.584,6.9767600000000005,6.97623,1650,900
24.06.2024 01:01:10.402,6.976780000000001,6.9762900000000005,1050,600
24.06.2024 01:01:13.618,6.976960000000001,6.976470000000001,400,1200
24.06.2024 01:01:26.327,6.97696,6.9764800000000005,700,1100
24.06.2024 01:01:34.886,6.97702,6.97639,800,750
24.06.2024 01:01:34.937,6.97699,6.9763,500,1100
24.06.2024 01:01:37.246,6.976870000000001,6.9762900000000005,400,1100
24.06.2024 01:01:39.354,6.976979999999999,6.976420000000001,1100,1200
24.06.2024 01:01:42.064,6.97691,6.976319999999999,900,750
24.06.2024 01:01:43.272,6.9769,6.97629,600,700
24.06.2024 01:01:46.785,6.97672,6.97615,1100,450
24.06.2024 01:01:46.886,6.97672,6.97611,500,150
24.06.2024 01:01:48.896,6.97673,6.976100000000001,1400,800
24.06.2024 01:01:51.404,6.97666,6.976050000000001,1300,950
24.06.2024 01:01:51.907,6.976710000000001,6.976069999999999,800,1000
24.06.2024 01:01:52.059,6.97671,6.976110000000001,700,-50
24.06.2024 01:01:53.767,6.97675,6.9760800000000005,400,600
24.06.2024 01:02:02.400,6.9766900000000005,6.97603,1300,750
24.06.2024 01:02:02.553,6.976700000000001,6.97605,700,900
24.06.2024 01:02:02.805,6.97663,6.9759899999999995,700,50
24.06.2024 01:02:02.957,6.976590000000001,6.97593,1200,1650
24.06.2024 01:02:04.011,6.97657,6.975910000000001,1200,1200
24.06.2024 01:02:04.513,6.97661,6.97594,800,400
24.06.2024 01:02:04.666,6.97661,6.9760100000000005,600,650
24.06.2024 01:02:08.939,6.97663,6.97601,500,650
24.06.2024 01:02:10.293,6.9766,6.97597,800,50
24.06.2024 01:02:10.694,6.97667,6.976039999999999,1300,850
24.06.2024 01:02:10.997,6.9766200000000005,6.975950000000001,400,750
24.06.2024 01:02:15.864,6.976640000000001,6.97602,1000,950
24.06.2024 01:02:16.065,6.976660000000001,6.9759400000000005,1300,250
24.06.2024 01:02:16.317,6.9766200000000005,6.97599,800,850
24.06.2024 01:02:17.573,6.9766900000000005,6.97604,1000,150
24.06.2024 01:02:17.825,6.97677,6.9760100000000005,1200,1200
24.06.2024 01:02:17.876,6.976820000000001,6.97618,9100,1200
24.06.2024 01:02:17.978,6.976850000000001,6.9762,800,350
24.06.2024 01:02:25.501,6.97691,6.976229999999999,800,850
24.06.2024 01:02:29.216,6.97688,6.97627,500,700
24.06.2024 01:02:34.390,6.97696,6.976380000000001,700,1100
24.06.2024 01:02:55.751,6.976840000000001,6.976260000000001,700,1300
24.06.2024 01:02:55.802,6.976769999999999,6.97614,500,8600
24.06.2024 01:02:56.004,6.976789999999999,6.976120000000001,1550,1400
24.06.2024 01:03:00.172,6.97672,6.97613,600,600
24.06.2024 01:03:00.274,6.9766200000000005,6.97611,1300,1100
24.06.2024 01:03:07.152,6.97656,6.975830000000001,700,1300
24.06.2024 01:03:15.532,6.97643,6.975780000000001,1000,1000
24.06.2024 01:03:17.945,6.97638,6.97578,1200,800
24.06.2024 01:03:23.889,6.97628,6.975750000000001,700,700
24.06.2024 01:03:25.298,6.976180000000001,6.975620000000001,1100,450
24.06.2024 01:03:25.349,6.976180000000001,6.975620000000001,600,850
24.06.2024 01:03:25.400,6.976190000000001,6.975500000000001,1000,500
24.06.2024 01:03:27.160,6.9762200000000005,6.975650000000001,650,600
24.06.2024 01:03:27.312,6.976270000000001,6.97566,50,1000
24.06.2024 01:03:27.664,6.97625,6.97557,400,800
24.06.2024 01:03:37.645,6.97624,6.97564,1000,900
24.06.2024 01:03:44.473,6.976300000000001,6.975660000000001,1100,1200
24.06.2024 01:03:44.524,6.9762900000000005,6.975720000000001,950,1200
24.06.2024 01:03:55.663,6.976270000000001,6.97565,1400,1000
24.06.2024 01:04:05.649,6.97629,6.9756800000000005,1300,1000
24.06.2024 01:04:16.029,6.97628,6.97571,800,500
24.06.2024 01:04:29.165,6.976140000000001,6.97559,700,800
24.06.2024 01:04:29.267,6.97602,6.975530000000001,1300,9000
24.06.2024 01:04:29.368,6.97597,6.975450000000001,900,700
24.06.2024 01:04:31.379,6.97603,6.9754,800,600
24.06.2024 01:04:37.920,6.976130000000001,6.97563,50,1300
24.06.2024 01:04:38.023,6.97611,6.975530000000001,1000,1300
24.06.2024 01:04:38.579,6.97623,6.97569,50,1400
24.06.2024 01:04:38.681,6.976240000000001,6.97567,500,800
24.06.2024 01:04:50.217,6.97631,6.97571,1100,500
24.06.2024 01:04:52.175,6.97628,6.97577,1100,1100
24.06.2024 01:04:52.277,6.97639,6.97581,50,900
24.06.2024 01:04:53.182,6.97637,6.975840000000001,1300,1200
24.06.2024 01:04:56.192,6.97646,6.975860000000001,10750.0004,1200
24.06.2024 01:05:06.037,6.976470000000001,6.97583,1100,1300
24.06.2024 01:05:21.556,6.976460000000001,6.975800000000001,500,900
24.06.2024 01:05:31.735,6.9764800000000005,6.975770000000001,800,900
24.06.2024 01:05:44.874,6.976450000000002,6.9758,150,400
24.06.2024 01:05:45.477,6.97653,6.975780000000001,600,1000
24.06.2024 01:05:47.385,6.976460000000001,6.97584,150,800
24.06.2024 01:05:48.289,6.9765,6.9758,800,600
24.06.2024 01:06:06.351,6.976520000000001,6.975910000000001,1000,600
24.06.2024 01:06:08.259,6.97655,6.97604,750,500
24.06.2024 01:06:08.411,6.976649999999999,6.97616,950,800
24.06.2024 01:06:08.513,6.97686,6.976120000000001,9000,1100
24.06.2024 01:06:08.764,6.976800000000001,6.97613,1200,700
24.06.2024 01:06:10.571,6.9768,6.97614,550,500
24.06.2024 01:06:10.872,6.97684,6.976100000000001,1100,1100
24.06.2024 01:06:12.077,6.976780000000001,6.976050000000001,800,950
24.06.2024 01:06:12.178,6.97676,6.9760100000000005,800,600
24.06.2024 01:06:24.671,6.976800000000001,6.9761299999999995,-50,500
24.06.2024 01:06:24.772,6.97689,6.97627,8600,400
24.06.2024 01:06:24.925,6.97698,6.976249999999999,1000,1400
24.06.2024 01:06:25.779,6.976870000000001,6.97628,1400,550
24.06.2024 01:06:25.882,6.97688,6.97619,1400,700
24.06.2024 01:06:30.076,6.97679,6.976110000000001,600,350
24.06.2024 01:06:30.178,6.976780000000001,6.97609,1400,600
24.06.2024 01:06:40.363,6.97671,6.97609,800,800
24.06.2024 01:06:51.539,6.97674,6.97599,800,1100
24.06.2024 01:07:05.326,6.97683,6.976120000000001,9549.9998,1100
24.06.2024 01:07:05.478,6.97682,6.97624,9400,600
24.06.2024 01:07:05.579,6.97696,6.97622,700,600
24.06.2024 01:07:08.173,6.97685,6.97616,1200,650
24.06.2024 01:07:08.325,6.97676,6.97621,900,9300
24.06.2024 01:07:08.427,6.97682,6.976170000000001,1200,400
24.06.2024 01:07:08.578,6.97691,6.9762,900,600
24.06.2024 01:07:08.680,6.97687,6.97617,750,400
24.06.2024 01:07:08.731,6.9769499999999995,6.976250000000001,1200,1000
24.06.2024 01:07:08.832,6.9768300000000005,6.9762699999999995,800,600
24.06.2024 01:07:11.993,6.977000000000001,6.97639,700,1000
24.06.2024 01:07:23.527,6.9770199999999996,6.976389999999999,1300,400
24.06.2024 01:07:38.974,6.977049999999999,6.97636,700,600
24.06.2024 01:07:43.389,6.97698,6.97643,800,1100
24.06.2024 01:07:55.993,6.97699,6.976360000000001,800,900
24.06.2024 01:08:05.323,6.977099999999999,6.97651,1250,600
24.06.2024 01:08:06.227,6.976970000000001,6.976490000000001,600,900
24.06.2024 01:08:06.278,6.97707,6.97651,1200,1100
24.06.2024 01:08:06.430,6.977010000000001,6.976480000000001,900,400
24.06.2024 01:08:16.394,6.97701,6.976500000000001,600,800
24.06.2024 01:08:22.564,6.97702,6.976360000000001,500,1100
24.06.2024 01:08:35.257,6.97694,6.976380000000001,700,900
24.06.2024 01:08:36.914,6.977130000000001,6.97673,9649.9998,900
24.06.2024 01:08:37.116,6.977420000000001,6.97674,600,1000
24.06.2024 01:08:39.481,6.977330000000001,6.97673,250,1000
24.06.2024 01:08:39.683,6.977410000000001,6.97672,500,1000
24.06.2024 01:08:44.199,6.97731,6.97661,500,1750
24.06.2024 01:08:44.318,6.97728,6.976580000000001,1300,1450
24.06.2024 01:08:45.223,6.97733,6.97659,1400,950
24.06.2024 01:08:45.274,6.97726,6.97658,700,1000
24.06.2024 01:08:50.449,6.9773000000000005,6.9766900000000005,800,1300
24.06.2024 01:08:52.259,6.977329999999999,6.976680000000001,500,850
24.06.2024 01:08:52.961,6.97739,6.976670000000001,600,1650
24.06.2024 01:09:05.260,6.97743,6.9766900000000005,1000,700
24.06.2024 01:09:11.679,6.977450000000001,6.976680000000001,1300,250
24.06.2024 01:09:12.081,6.9774400000000005,6.97688,9400,800
24.06.2024 01:09:12.183,6.9774400000000005,6.977,8600,700
24.06.2024 01:09:12.334,6.97778,6.97698,1300,900
24.06.2024 01:09:24.106,6.97769,6.977,1200,400
24.06.2024 01:09:25.667,6.97775,6.97693,1200,500
24.06.2024 01:09:27.371,6.97772,6.97696,1200,1350
24.06.2024 01:09:29.981,6.97758,6.97699,600,8500
24.06.2024 01:09:30.082,6.97765,6.97691,900,-50
24.06.2024 01:09:30.133,6.97759,6.976860000000001,1100,1300
24.06.2024 01:09:30.284,6.977550000000002,6.9769000000000005,600,9449.9998
24.06.2024 01:09:30.386,6.97745,6.9769,600,650
24.06.2024 01:09:30.487,6.977430000000001,6.976890000000001,900,8900
24.06.2024 01:09:30.539,6.977460000000001,6.976770000000001,500,500
24.06.2024 01:09:34.758,6.97748,6.976870000000001,9300,1100
24.06.2024 01:09:35.011,6.97761,6.97688,350,500
24.06.2024 01:09:36.164,6.977590000000001,6.97692,800,800
24.06.2024 01:09:39.576,6.97761,6.976960000000001,1100,1000
24.06.2024 01:09:42.088,6.97754,6.9768799999999995,500,1100
24.06.2024 01:09:44.747,6.97749,6.976820000000001,400,1450
24.06.2024 01:09:45.000,6.9775,6.976840000000001,750,700
24.06.2024 01:09:48.914,6.977449999999999,6.97681,400,700
24.06.2024 01:09:52.523,6.97745,6.97699,350,700
24.06.2024 01:09:53.679,6.97749,6.97703,450,1400
24.06.2024 01:09:53.730,6.977590000000001,6.97703,500,1000
24.06.2024 01:10:00.305,6.977510000000001,6.976900000000001,900,1100
24.06.2024 01:10:01.009,6.97766,6.97696,450,700
24.06.2024 01:10:01.160,6.977600000000001,6.9769499999999995,1000,500
24.06.2024 01:10:01.261,6.97761,6.97703,1300,1200
24.06.2024 01:10:01.363,6.977740000000001,6.97707,1300,900
24.06.2024 01:10:01.867,6.9777499999999995,6.977149999999999,800,500
24.06.2024 01:10:02.019,6.977790000000001,6.97723,850,1100
24.06.2024 01:10:02.070,6.9779,6.97723,1250,1200
24.06.2024 01:10:02.171,6.97783,6.97731,1250,1000
24.06.2024 01:10:02.223,6.97798,6.97742,50,1200
24.06.2024 01:10:02.274,6.97794,6.9773700000000005,8600,1300
24.06.2024 01:10:02.325,6.978050000000001,6.9773700000000005,400,400
24.06.2024 01:10:02.476,6.977920000000001,6.97733,1300,500
24.06.2024 01:10:02.830,6.977869999999999,6.977240000000001,500,600
24.06.2024 01:10:05.144,6.97795,6.97729,700,1000
24.06.2024 01:10:07.353,6.977860000000001,6.97726,1000,1400
24.06.2024 01:10:07.656,6.97788,6.97716,1150,400
24.06.2024 01:10:09.516,6.977830000000001,6.977270000000001,1650,700
24.06.2024 01:10:11.376,6.9778400000000005,6.977200000000001,1300,1200
24.06.2024 01:10:12.833,6.977800000000001,6.9772099999999995,650,1000
24.06.2024 01:10:13.837,6.977849999999999,6.977280000000001,50,1000
24.06.2024 01:10:13.939,6.97793,6.97745,8600,400
24.06.2024 01:10:14.040,6.97796,6.97745,150,1200
24.06.2024 01:10:14.242,6.978000000000001,6.97738,1400,500
24.06.2024 01:10:14.494,6.97806,6.9773700000000005,250,700
24.06.2024 01:10:14.647,6.97806,6.977390000000001,1200,400
24.06.2024 01:10:15.400,6.97814,6.9775,1200,900
24.06.2024 01:10:16.005,6.9782,6.977690000000001,350,900
24.06.2024 01:10:16.055,6.97823,6.977640000000001,8600,500
24.06.2024 01:10:16.106,6.978339999999999,6.977690000000001,1650,1300
24.06.2024 01:10:18.266,6.978190000000001,6.97766,1300,600
24.06.2024 01:10:20.188,6.97828,6.97766,150,400
24.06.2024 01:10:20.239,6.97822,6.977670000000001,850,700
24.06.2024 01:10:21.145,6.978270000000001,6.977640000000001,250,1000
24.06.2024 01:10:21.548,6.978190000000001,6.977690000000001,1200,1300
24.06.2024 01:10:23.356,6.978149999999999,6.97754,700,600
24.06.2024 01:10:25.724,6.97813,6.977650000000001,650,800
24.06.2024 01:10:25.927,6.97827,6.97761,1050,1100
24.06.2024 01:10:28.136,6.97817,6.97756,1000,1100
24.06.2024 01:10:28.438,6.978149999999999,6.9775,850,500
24.06.2024 01:10:31.899,6.97816,6.97756,800,500
24.06.2024 01:10:32.101,6.97808,6.97753,700,400
24.06.2024 01:10:34.961,6.97808,6.977410000000001,600,500
24.06.2024 01:10:50.262,6.978140000000001,6.97741,1000,1100
24.06.2024 01:11:05.183,6.97802,6.9774,1300,1650
24.06.2024 01:11:05.390,6.978000000000001,6.97733,1000,1650
24.06.2024 01:11:11.113,6.978090000000001,6.9775100000000005,1350,500
24.06.2024 01:11:15.781,6.978070000000001,6.97743,500,800
24.06.2024 01:11:19.593,6.97801,6.97755,450,1100
24.06.2024 01:11:19.694,6.97813,6.97761,750,1300
24.06.2024 01:11:19.745,6.978160000000001,6.97766,8700,1100
24.06.2024 01:11:19.846,6.978180000000001,6.97764,1000,1300
24.06.2024 01:11:27.953,6.978090000000001,6.97755,1300,900
24.06.2024 01:11:36.275,6.9780500000000005,6.97748,900,1450
24.06.2024 01:11:47.267,6.97805,6.97754,750,500
24.06.2024 01:11:54.735,6.978060000000001,6.97749,700,1000
24.06.2024 01:12:00.256,6.978140000000001,6.97749,1400,1400
24.06.2024 01:12:02.428,6.9781200000000005,6.977420000000001,1200,500
24.06.2024 01:12:03.182,6.97796,6.97741,600,1100
24.06.2024 01:12:03.638,6.97798,6.97741,-50,600
24.06.2024 01:12:03.840,6.97804,6.977420000000001,1300,1300
24.06.2024 01:12:05.297,6.977930000000001,6.97739,700,900
24.06.2024 01:12:05.348,6.977900000000001,6.97736,1000,1300
24.06.2024 01:12:12.321,6.97796,6.97726,800,800
24.06.2024 01:12:18.247,6.9779,6.97719,700,1100
24.06.2024 01:12:18.701,6.977830000000001,6.97716,1400,9200
24.06.2024 01:12:18.853,6.977810000000001,6.97717,900,2550
24.06.2024 01:12:18.955,6.977740000000001,6.97714,1000,2050
24.06.2024 01:12:20.062,6.977760000000001,6.97706,1100,1200
24.06.2024 01:12:20.414,6.97783,6.97706,400,800
24.06.2024 01:12:21.973,6.9777499999999995,6.9771600000000005,400,-50
24.06.2024 01:12:22.275,6.97774,6.977150000000001,700,1100
24.06.2024 01:12:25.146,6.9778400000000005,6.9772500000000015,9449.9998,600
24.06.2024 01:12:25.251,6.977860000000001,6.97734,9200,1400
24.06.2024 01:12:25.302,6.97793,6.97729,700,500
24.06.2024 01:12:27.061,6.97799,6.97731,1300,350
24.06.2024 01:12:29.919,6.97795,6.977329999999999,1000,1400
24.06.2024 01:12:31.326,6.9779800000000005,6.977350000000001,700,350
24.06.2024 01:12:31.427,6.97794,6.977280000000001,400,50
24.06.2024 01:12:31.529,6.978000000000001,6.97721,1000,700
24.06.2024 01:12:31.990,6.977950000000001,6.97736,700,1300
24.06.2024 01:12:32.091,6.978080000000001,6.977329999999999,400,1100
24.06.2024 01:12:39.678,6.97796,6.97729,800,-50
24.06.2024 01:12:39.880,6.977930000000001,6.977290000000001,900,9000
24.06.2024 01:12:39.931,6.97788,6.97715,700,1850
24.06.2024 01:12:41.492,6.9777700000000005,6.977130000000001,1300,1200
24.06.2024 01:12:44.856,6.9778400000000005,6.97713,900,700
24.06.2024 01:12:47.823,6.977790000000001,6.97715,800,1300
24.06.2024 01:12:48.127,6.9778,6.9771600000000005,-50,800
24.06.2024 01:12:51.991,6.977740000000001,6.977010000000001,500,500
24.06.2024 01:12:52.094,6.97768,6.976980000000001,800,1300
24.06.2024 01:12:52.446,6.97766,6.977110000000001,900,600
24.06.2024 01:12:53.753,6.97767,6.976970000000001,1300,1100
24.06.2024 01:12:53.804,6.977640000000001,6.97696,1100,1250
24.06.2024 01:12:53.855,6.97754,6.976970000000001,800,450
24.06.2024 01:12:53.957,6.977550000000002,6.976990000000001,850,600
24.06.2024 01:12:54.008,6.977590000000001,6.977040000000001,2550,800
24.06.2024 01:12:55.113,6.97768,6.97703,1200,1400
24.06.2024 01:13:03.945,6.97762,6.977100000000001,1200,1100
24.06.2024 01:13:04.799,6.97761,6.977,1100,1200
24.06.2024 01:13:04.850,6.97752,6.97689,800,1100
24.06.2024 01:13:05.103,6.97751,6.976920000000001,500,1200
24.06.2024 01:13:17.016,6.9774400000000005,6.976870000000001,1200,900
24.06.2024 01:13:28.663,6.97752,6.976910000000001,500,1000
24.06.2024 01:13:41.555,6.9774899999999995,6.976910000000001,400,1100
24.06.2024 01:13:44.693,6.97745,6.97691,400,900
24.06.2024 01:13:48.051,6.977550000000001,6.97693,850,1400
24.06.2024 01:13:48.103,6.977570000000001,6.976970000000001,350,900
24.06.2024 01:13:48.155,6.9776500000000015,6.977060000000001,650,1000
24.06.2024 01:13:48.208,6.9776299999999996,6.97716,750,1100
24.06.2024 01:13:48.310,6.977740000000001,6.97717,950,1300
24.06.2024 01:13:48.362,6.977740000000001,6.97719,1550,1400
24.06.2024 01:13:51.527,6.97775,6.977180000000001,750,900
24.06.2024 01:13:51.629,6.97783,6.977410000000001,8600,900
24.06.2024 01:13:51.731,6.9778199999999995,6.97757,9000,1200
24.06.2024 01:13:51.782,6.97808,6.97756,650,500
24.06.2024 01:13:51.983,6.97811,6.97744,1100,600
24.06.2024 01:13:52.085,6.97811,6.9775599999999995,1250,800
24.06.2024 01:13:52.186,6.97806,6.977570000000001,350,600
24.06.2024 01:13:52.237,6.9782,6.97754,1350,500
24.06.2024 01:13:52.489,6.978079999999999,6.97745,900,800
24.06.2024 01:13:52.641,6.978060000000001,6.9774899999999995,750,1000
24.06.2024 01:13:53.045,6.978070000000001,6.97761,850,1000
24.06.2024 01:13:53.146,6.9782,6.977670000000001,150,1300
24.06.2024 01:13:53.248,6.97824,6.977679999999999,8600,700
24.06.2024 01:13:53.299,6.97831,6.97774,250,700
24.06.2024 01:13:53.400,6.97836,6.977690000000001,500,900
24.06.2024 01:13:53.753,6.978300000000001,6.977800000000001,1300,600
24.06.2024 01:13:55.111,6.97843,6.977990000000001,450,900
24.06.2024 01:13:55.213,6.97843,6.9782,50,1200
24.06.2024 01:13:55.264,6.978760000000001,6.97818,150,900
24.06.2024 01:13:55.365,6.97876,6.97824,50,1400
24.06.2024 01:13:55.767,6.978710000000001,6.978160000000001,700,900
24.06.2024 01:13:56.020,6.978790000000001,6.978200000000001,500,500
24.06.2024 01:13:56.473,6.978780000000001,6.97828,8500,900
24.06.2024 01:13:56.575,6.97886,6.97845,250,1400
24.06.2024 01:13:56.626,6.9789200000000005,6.97845,650,500
24.06.2024 01:13:56.677,6.97892,6.97839,9000,700
24.06.2024 01:13:56.728,6.97899,6.97845,950,800
24.06.2024 01:13:56.830,6.97899,6.97857,650,1100
24.06.2024 01:13:56.880,6.9791099999999995,6.978600000000001,850,900
24.06.2024 01:13:56.982,6.979070000000001,6.9785200000000005,-50,1200
24.06.2024 01:13:57.083,6.979049999999999,6.978440000000001,1000,600
24.06.2024 01:13:57.487,6.97894,6.97836,1000,1000
24.06.2024 01:13:57.891,6.9789200000000005,6.978389999999999,350,1100
24.06.2024 01:13:58.294,6.978890000000001,6.9783100000000005,350,1000
24.06.2024 01:13:58.395,6.97891,6.9783800000000005,9300,600
24.06.2024 01:13:58.999,6.978999999999999,6.9783800000000005,900,500
24.06.2024 01:14:00.260,6.979030000000001,6.97847,800,800
24.06.2024 01:14:00.563,6.97909,6.97857,1000,700
24.06.2024 01:14:01.822,6.979090000000001,6.97846,1000,500
24.06.2024 01:14:07.334,6.9791300000000005,6.9784500000000005,700,500
24.06.2024 01:14:07.789,6.979210000000001,6.978540000000001,500,700
24.06.2024 01:14:08.343,6.979070000000001,6.97847,600,600
24.06.2024 01:14:09.198,6.9790600000000005,6.978500000000001,400,500
24.06.2024 01:14:10.003,6.97918,6.978770000000001,1250,1200
24.06.2024 01:14:10.105,6.9792,6.978900000000001,8700,1000
24.06.2024 01:14:10.263,6.97949,6.978860000000001,500,600
24.06.2024 01:14:10.868,6.979439999999999,6.978770000000001,800,500
24.06.2024 01:14:11.724,6.979470000000001,6.978829999999999,1300,1300
24.06.2024 01:14:12.579,6.979480000000001,6.97897,950,700
24.06.2024 01:14:12.630,6.9795799999999995,6.978980000000001,10050.0004,1200
24.06.2024 01:14:13.686,6.979620000000001,6.9789900000000005,700,500
24.06.2024 01:14:14.240,6.979690000000001,6.979049999999999,950,1200
24.06.2024 01:14:14.291,6.979680000000001,6.97916,650,600
24.06.2024 01:14:14.342,6.979650000000001,6.979070000000001,350,1000
24.06.2024 01:14:15.398,6.979700000000001,6.979080000000001,400,900
24.06.2024 01:14:16.102,6.97972,6.979120000000001,1200,1400
24.06.2024 01:14:16.657,6.979760000000001,6.9790600000000005,500,700
24.06.2024 01:14:20.469,6.979660000000001,6.979120000000001,500,900
24.06.2024 01:14:21.174,6.97948,6.97895,600,750
24.06.2024 01:14:21.225,6.979630000000001,6.9789699999999995,1400,700
24.06.2024 01:14:21.480,6.97951,6.97893,600,1000
24.06.2024 01:14:22.589,6.97942,6.97882,1200,600
24.06.2024 01:14:23.996,6.979380000000001,6.978820000000001,500,400
24.06.2024 01:14:27.819,6.97951,6.978940000000001,1350,600
24.06.2024 01:14:27.971,6.97946,6.97885,400,900
24.06.2024 01:14:31.686,6.97954,6.9789200000000005,500,800
24.06.2024 01:14:34.501,6.979430000000001,6.97888,1400,1100
24.06.2024 01:14:36.060,6.97949,6.97872,500,950
24.06.2024 01:14:39.731,6.9793,6.978730000000001,700,1300
24.06.2024 01:14:40.335,6.97931,6.9787,900,500
24.06.2024 01:14:43.351,6.97921,6.9786,1300,600
24.06.2024 01:14:44.809,6.9791,6.97858,1400,9200
24.06.2024 01:14:44.860,6.97916,6.97855,600,650
24.06.2024 01:14:45.364,6.97908,6.9785200000000005,900,450
24.06.2024 01:14:45.415,6.97906,6.97844,1300,600
24.06.2024 01:14:57.110,6.979,6.978490000000001,500,800
24.06.2024 01:14:57.363,6.97926,6.97861,1000,1200
24.06.2024 01:14:59.180,6.97934,6.978740000000001,1200,1000
24.06.2024 01:15:00.641,6.97941,6.9789200000000005,50,1300
24.06.2024 01:15:00.692,6.979500000000002,6.97898,9200,1300
24.06.2024 01:15:00.844,6.9796000000000005,6.97896,1200,500
24.06.2024 01:15:01.504,6.97953,6.978930000000001,500,350
24.06.2024 01:15:02.711,6.97953,6.97895,700,1300
24.06.2024 01:15:04.066,6.979580000000001,6.97909,1200,1200
24.06.2024 01:15:05.173,6.9797400000000005,6.97919,350,1100
24.06.2024 01:15:05.274,6.979800000000001,6.979370000000001,8800,1100
24.06.2024 01:15:05.325,6.97991,6.979360000000001,800,1400
24.06.2024 01:15:05.427,6.979979999999999,6.97948,600,500
24.06.2024 01:15:06.234,6.98012,6.979570000000001,1000,400
24.06.2024 01:15:06.285,6.9801400000000005,6.97959,850,400
24.06.2024 01:15:06.386,6.980220000000001,6.979620000000001,1300,600
24.06.2024 01:15:07.492,6.980240000000001,6.979620000000001,1200,1300
24.06.2024 01:15:08.700,6.980080000000001,6.97966,700,250
24.06.2024 01:15:08.802,6.98008,6.97961,900,8900
24.06.2024 01:15:08.956,6.98012,6.97961,700,850
24.06.2024 01:15:09.712,6.980149999999999,6.97956,800,700
24.06.2024 01:15:09.914,6.9802599999999995,6.97967,1300,700
24.06.2024 01:15:10.015,6.980300000000001,6.979700000000001,500,1300
24.06.2024 01:15:10.117,6.9804,6.9799000000000015,9200,1100
24.06.2024 01:15:10.218,6.980449999999999,6.979870000000001,900,800
24.06.2024 01:15:10.319,6.9804200000000005,6.979799999999999,400,850
24.06.2024 01:15:11.026,6.98052,6.979820000000001,1100,1000
24.06.2024 01:15:12.486,6.98056,6.979860000000001,600,1200
24.06.2024 01:15:12.638,6.9805600000000005,6.97991,1000,350
24.06.2024 01:15:13.041,6.980599999999999,6.98003,250,400
24.06.2024 01:15:13.746,6.98058,6.979970000000001,700,1300
24.06.2024 01:15:14.249,6.980650000000001,6.9800200000000014,600,1400
24.06.2024 01:15:14.300,6.98066,6.980040000000001,1200,900
24.06.2024 01:15:14.401,6.98068,6.9799999999999995,1000,1050
24.06.2024 01:15:14.754,6.9807500000000005,6.98008,400,900
24.06.2024 01:15:15.511,6.98063,6.980010000000001,1200,250
24.06.2024 01:15:15.562,6.980590000000001,6.98003,600,950
24.06.2024 01:15:16.067,6.98052,6.97991,1100,1250
24.06.2024 01:15:17.088,6.980519999999999,6.97994,1200,50
24.06.2024 01:15:17.190,6.980499999999999,6.979820000000001,900,50
24.06.2024 01:15:17.995,6.98052,6.97989,400,600
24.06.2024 01:15:18.649,6.98066,6.979970000000001,1200,1300
24.06.2024 01:15:18.801,6.98064,6.98,600,550
24.06.2024 01:15:19.206,6.980630000000001,6.98,700,900
24.06.2024 01:15:19.256,6.98054,6.97998,500,500
24.06.2024 01:15:19.459,6.980550000000001,6.9798800000000005,1300,50
24.06.2024 01:15:19.812,6.980500000000001,6.97992,800,350
24.06.2024 01:15:19.914,6.98062,6.980010000000001,1100,600
24.06.2024 01:15:19.965,6.980630000000001,6.98007,1200,500
24.06.2024 01:15:20.066,6.98073,6.980170000000001,600,1300
24.06.2024 01:15:20.218,6.9808200000000005,6.9802100000000005,8600,1300
24.06.2024 01:15:20.320,6.980900000000001,6.9804,-50,700
24.06.2024 01:15:20.421,6.9809600000000005,6.98026,650,1100
24.06.2024 01:15:20.875,6.980920000000001,6.98021,900,9399.9996
24.06.2024 01:15:21.730,6.980930000000001,6.980269999999999,400,750
24.06.2024 01:15:21.832,6.98087,6.98024,400,350
24.06.2024 01:15:22.837,6.98087,6.980300000000001,600,900
24.06.2024 01:15:24.249,6.98092,6.980280000000001,700,800
24.06.2024 01:15:26.164,6.981020000000001,6.980390000000001,1300,800
24.06.2024 01:15:28.530,6.980970000000001,6.98044,1000,1200
24.06.2024 01:15:29.134,6.981100000000001,6.980569999999999,350,700
24.06.2024 01:15:29.185,6.9811700000000005,6.9805399999999995,600,1300
24.06.2024 01:15:29.236,6.98128,6.980610000000001,-50,1200
24.06.2024 01:15:29.337,6.98131,6.98077,9000,1200
24.06.2024 01:15:29.438,6.98139,6.980840000000001,600,700
24.06.2024 01:15:29.942,6.981530000000001,6.98091,650,400
24.06.2024 01:15:30.496,6.981490000000001,6.98096,1300,600
24.06.2024 01:15:31.000,6.98151,6.980970000000001,700,900
24.06.2024 01:15:31.252,6.981480000000001,6.98095,600,700
24.06.2024 01:15:31.303,6.98134,6.980850000000001,1300,550
24.06.2024 01:15:31.405,6.9813,6.98078,1300,8600
24.06.2024 01:15:31.557,6.981369999999999,6.980840000000001,450,1300
24.06.2024 01:15:31.658,6.981500000000001,6.980950000000001,150,800
24.06.2024 01:15:31.709,6.981510000000001,6.98092,9999.9996,600
24.06.2024 01:15:32.883,6.98141,6.9809399999999995,1000,850
24.06.2024 01:15:32.985,6.981360000000001,6.980919999999999,1400,450
24.06.2024 01:15:34.243,6.98142,6.980840000000001,600,1200
24.06.2024 01:15:34.596,6.981420000000001,6.98092,450,1000
24.06.2024 01:15:34.647,6.98155,6.98094,500,700
24.06.2024 01:15:35.050,6.98155,6.98106,150,500
24.06.2024 01:15:35.151,6.9817100000000005,6.98121,500,500
24.06.2024 01:15:35.253,6.981840000000001,6.981350000000001,9300,1100
24.06.2024 01:15:35.354,6.98193,6.98132,800,1200
24.06.2024 01:15:35.556,6.98176,6.98128,700,700
24.06.2024 01:15:36.061,6.98193,6.981250000000001,250,1400
24.06.2024 01:15:36.162,6.9818999999999996,6.98122,800,900
24.06.2024 01:15:37.271,6.981770000000001,6.9811000000000005,800,150
24.06.2024 01:15:37.373,6.981780000000001,6.981080000000001,700,9399.9996
24.06.2024 01:15:38.280,6.98166,6.9810799999999995,500,1300
24.06.2024 01:15:41.593,6.981600000000001,6.9810300000000005,700,250
24.06.2024 01:15:41.745,6.981579999999999,6.98094,700,8700
24.06.2024 01:15:41.846,6.981530000000001,6.980950000000001,1200,1200
24.06.2024 01:15:42.099,6.981550000000001,6.9808,600,1100
24.06.2024 01:15:42.150,6.9814,6.980830000000001,900,250
24.06.2024 01:15:42.250,6.981420000000001,6.9808200000000005,400,10199.9996
24.06.2024 01:15:42.453,6.98138,6.980680000000001,500,700
24.06.2024 01:15:42.554,6.981330000000001,6.980680000000001,850,1000
24.06.2024 01:15:42.957,6.981140000000001,6.98056,500,850
24.06.2024 01:15:43.462,6.98115,6.98054,1100,1400
24.06.2024 01:15:43.966,6.98129,6.980710000000001,450,1200
24.06.2024 01:15:44.168,6.98131,6.980650000000002,1100,700
24.06.2024 01:15:44.571,6.98125,6.98063,700,1300
24.06.2024 01:15:44.973,6.98123,6.980670000000001,650,1300
24.06.2024 01:15:45.075,6.981310000000001,6.980650000000002,1200,1300
24.06.2024 01:15:45.478,6.98122,6.98054,800,1200
24.06.2024 01:15:45.579,6.981250000000001,6.980550000000001,850,700
24.06.2024 01:15:46.584,6.981120000000001,6.980530000000001,1300,600
24.06.2024 01:15:50.396,6.98111,6.980390000000001,400,1400
24.06.2024 01:15:50.649,6.98113,6.980550000000001,600,900
24.06.2024 01:15:54.675,6.981190000000001,6.98054,1050,1200
24.06.2024 01:16:00.904,6.9811,6.98044,1200,1200
24.06.2024 01:16:01.809,6.9812199999999995,6.980500000000001,800,600
24.06.2024 01:16:02.665,6.981130000000001,6.980440000000001,800,600
24.06.2024 01:16:04.423,6.981199999999999,6.980510000000001,900,500
24.06.2024 01:16:05.027,6.98128,6.98064,1350,500
24.06.2024 01:16:07.691,6.98111,6.98056,1100,1650
24.06.2024 01:16:07.893,6.981240000000001,6.98059,1000,1000
24.06.2024 01:16:09.902,6.98131,6.980700000000001,1900,1300
24.06.2024 01:16:12.816,6.981210000000001,6.98072,1200,900
24.06.2024 01:16:14.275,6.981140000000001,6.98054,1300,1100
24.06.2024 01:16:15.480,6.98115,6.98066,450,1300
24.06.2024 01:16:15.714,6.981180000000001,6.98066,500,600
24.06.2024 01:16:16.016,6.981240000000001,6.98052,1100,1000
24.06.2024 01:16:16.369,6.981250000000001,6.98057,-50,600
24.06.2024 01:16:16.521,6.98123,6.9805600000000005,600,500
24.06.2024 01:16:16.925,6.98119,6.980449999999999,400,550
24.06.2024 01:16:17.377,6.98123,6.98058,1000,1300
24.06.2024 01:16:19.439,6.9812199999999995,6.9804900000000005,900,850
24.06.2024 01:16:19.992,6.98128,6.980569999999999,1000,700
24.06.2024 01:16:21.652,6.981190000000001,6.98044,1100,9349.9998
24.06.2024 01:16:26.119,6.9812,6.980519999999999,600,250
24.06.2024 01:16:26.221,6.98128,6.980480000000001,1000,850
24.06.2024 01:16:27.329,6.98123,6.980550000000001,700,650
24.06.2024 01:16:27.480,6.98111,6.9805,500,950
24.06.2024 01:16:28.436,6.98119,6.980390000000001,600,1000
24.06.2024 01:16:29.739,6.980980000000001,6.98039,1300,550
