Gmt time,Ask,Bid,AskVolume,BidVolume
24.06.2024 00:00:02.336,7.804910000000001,7.8044899999999995,1380,1580
24.06.2024 00:00:03.691,7.804990000000001,7.8044899999999995,780,1580
24.06.2024 00:00:04.844,7.80497,7.8045100000000005,1280,1280
24.06.2024 00:00:07.553,7.804970000000001,7.804469999999999,1180,1380
24.06.2024 00:00:08.855,7.8049,7.804530000000001,1080,680
24.06.2024 00:00:10.210,7.80494,7.8044899999999995,980,500
24.06.2024 00:00:11.814,7.80497,7.8045300000000015,1280,1280
24.06.2024 00:00:14.127,7.80502,7.80459,1280,580
24.06.2024 00:00:23.147,7.80497,7.804470000000001,1380,1180
24.06.2024 00:00:23.248,7.804920000000001,7.8045300000000015,1000,1180
24.06.2024 00:00:23.350,7.805,7.804510000000001,2080,780
24.06.2024 00:00:24.355,7.80494,7.80448,1180,1180
24.06.2024 00:00:32.648,7.80497,7.804480000000001,1480,2080
24.06.2024 00:00:34.956,7.80488,7.80452,580,1280
24.06.2024 00:00:37.464,7.80496,7.804460000000001,980,500
24.06.2024 00:00:38.669,7.804920000000001,7.80449,1280,1100
24.06.2024 00:00:40.523,7.804970000000001,7.80448,780,1780
24.06.2024 00:00:41.828,7.80494,7.80456,780,1280
24.06.2024 00:00:50.197,7.804930000000001,7.8045,980,680
24.06.2024 00:00:51.356,7.8049800000000005,7.80443,1180,600
24.06.2024 00:00:54.417,7.80492,7.804480000000001,1380,980
24.06.2024 00:00:55.621,7.804960000000001,7.80448,1180,800
24.06.2024 00:00:59.582,7.80494,7.80447,880,2450
24.06.2024 00:01:02.411,7.804910000000001,7.804520000000001,1480,1750
24.06.2024 00:01:03.516,7.804889999999999,7.80449,1080,1300
24.06.2024 00:01:04.570,7.804990000000001,7.80443,1580,2280
24.06.2024 00:01:06.076,7.804910000000001,7.804480000000001,1480,680
24.06.2024 00:01:07.230,7.8049,7.80443,980,700
24.06.2024 00:01:08.287,7.8048600000000015,7.804480000000001,1480,1280
24.06.2024 00:01:09.440,7.80485,7.8044400000000005,780,1200
24.06.2024 00:01:13.104,7.804950000000002,7.80444,2280,1580
24.06.2024 00:01:13.255,7.804950000000002,7.80441,980,600
24.06.2024 00:01:14.160,7.80492,7.80442,1080,1200
24.06.2024 00:01:15.165,7.8049100000000005,7.80447,1380,500
24.06.2024 00:01:16.370,7.8049800000000005,7.80449,980,1000
24.06.2024 00:01:17.526,7.804890000000001,7.804570000000001,1180,1480
24.06.2024 00:01:30.110,7.804900000000001,7.80442,680,880
24.06.2024 00:01:31.114,7.804900000000002,7.804550000000001,1080,980
24.06.2024 00:01:34.023,7.80496,7.804410000000001,1480,1200
24.06.2024 00:01:35.227,7.804870000000001,7.8044899999999995,780,1450
24.06.2024 00:01:36.553,7.8049,7.8044400000000005,1380,880
24.06.2024 00:01:39.513,7.80488,7.804450000000001,580,1300
24.06.2024 00:01:42.020,7.80484,7.804410000000001,1380,1000
24.06.2024 00:01:43.074,7.804890000000001,7.804390000000001,780,1780
24.06.2024 00:01:47.391,7.80494,7.8044199999999995,680,780
24.06.2024 00:01:50.699,7.80492,7.80441,1080,1080
24.06.2024 00:01:52.154,7.8049800000000005,7.80446,2480,1280
24.06.2024 00:01:53.810,7.80491,7.8044199999999995,1480,1200
24.06.2024 00:01:56.018,7.804870000000001,7.804450000000001,1380,580
24.06.2024 00:01:57.120,7.804850000000001,7.8044899999999995,1280,1980
24.06.2024 00:01:59.276,7.8049,7.804500000000001,1280,1280
24.06.2024 00:02:00.379,7.804950000000002,7.80442,880,880
24.06.2024 00:02:01.633,7.80496,7.80443,1380,1080
24.06.2024 00:02:03.189,7.804870000000001,7.8044899999999995,1380,600
24.06.2024 00:02:05.897,7.8049100000000005,7.804520000000001,780,680
24.06.2024 00:02:09.205,7.804850000000001,7.80444,1180,900
24.06.2024 00:02:10.910,7.8049100000000005,7.80443,780,700
24.06.2024 00:02:14.704,7.80494,7.80442,1380,1480
24.06.2024 00:02:19.117,7.804889999999999,7.80441,880,580
24.06.2024 00:02:20.523,7.8049100000000005,7.804570000000001,1080,1580
24.06.2024 00:02:21.528,7.804849999999999,7.8044400000000005,980,1280
24.06.2024 00:02:22.533,7.804889999999999,7.8044199999999995,780,1680
24.06.2024 00:02:25.690,7.804890000000001,7.8044400000000005,1080,1080
24.06.2024 00:02:28.997,7.80489,7.80443,1180,1180
24.06.2024 00:02:32.355,7.80489,7.80448,680,500
24.06.2024 00:02:36.965,7.80483,7.8044199999999995,1280,900
24.06.2024 00:02:40.774,7.8049100000000005,7.80441,680,2180
24.06.2024 00:02:45.056,7.804930000000001,7.80449,1180,1480
24.06.2024 00:03:33.298,7.80494,7.80449,1180,1000
24.06.2024 00:03:35.003,7.80492,7.80449,980,400
24.06.2024 00:03:38.312,7.80489,7.8045800000000005,780,1180
24.06.2024 00:03:45.979,7.80486,7.8045,1380,600
24.06.2024 00:03:48.184,7.804880000000001,7.8044400000000005,1180,600
24.06.2024 00:03:49.237,7.804900000000001,7.804430000000001,1280,500
24.06.2024 00:03:50.392,7.8049,7.804450000000001,980,1200
24.06.2024 00:03:51.494,7.8049,7.80449,1080,1000
24.06.2024 00:03:52.597,7.80495,7.804470000000001,1380,600
24.06.2024 00:03:54.302,7.80494,7.80453,1380,500
24.06.2024 00:03:56.058,7.804930000000001,7.80454,980,1580
24.06.2024 00:04:08.016,7.8049100000000005,7.804460000000001,1380,600
24.06.2024 00:04:09.118,7.804880000000001,7.80449,1480,680
24.06.2024 00:04:20.100,7.80492,7.804450000000001,1580,500
24.06.2024 00:04:22.306,7.80494,7.804450000000001,1480,600
24.06.2024 00:04:23.410,7.804920000000001,7.80449,780,1380
24.06.2024 00:04:25.619,7.80496,7.8044400000000005,1280,1300
24.06.2024 00:04:26.722,7.804920000000001,7.80449,1080,1380
24.06.2024 00:04:28.878,7.804900000000001,7.804430000000001,780,1300
24.06.2024 00:04:29.982,7.80492,7.804450000000001,1280,1300
24.06.2024 00:04:32.187,7.804950000000002,7.80449,1180,1000
24.06.2024 00:04:32.489,7.804870000000001,7.80443,1280,1300
24.06.2024 00:04:33.292,7.80489,7.80447,780,500
24.06.2024 00:04:35.097,7.804900000000001,7.804460000000001,1380,1200
24.06.2024 00:04:36.602,7.8049300000000015,7.80448,1380,700
24.06.2024 00:04:38.784,7.80486,7.80449,680,900
24.06.2024 00:04:39.889,7.804880000000002,7.80449,1080,700
24.06.2024 00:04:42.850,7.804950000000002,7.80448,1480,1100
24.06.2024 00:04:42.951,7.804900000000002,7.80443,1280,1000
24.06.2024 00:04:43.103,7.804880000000002,7.8044400000000005,780,900
24.06.2024 00:04:43.154,7.8047200000000005,7.804450000000001,1380,1080
24.06.2024 00:04:43.760,7.80469,7.80431,1480,680
24.06.2024 00:04:46.420,7.8047200000000005,7.80428,1280,700
24.06.2024 00:04:46.521,7.80478,7.804270000000001,880,1100
24.06.2024 00:04:48.675,7.80467,7.80434,1180,780
24.06.2024 00:04:49.728,7.804750000000001,7.80421,1180,2380
24.06.2024 00:04:51.684,7.80465,7.80432,980,1480
24.06.2024 00:04:53.088,7.804750000000001,7.8042,1380,2180
24.06.2024 00:04:55.292,7.8046999999999995,7.8043,780,1280
24.06.2024 00:04:56.345,7.804710000000001,7.80422,1080,2280
24.06.2024 00:04:58.601,7.80464,7.80431,1080,1380
24.06.2024 00:04:59.703,7.804760000000001,7.80428,1180,1580
24.06.2024 00:05:01.709,7.80468,7.80433,980,1480
24.06.2024 00:05:02.715,7.804810000000001,7.80427,980,2180
24.06.2024 00:05:04.821,7.80465,7.80433,1480,680
24.06.2024 00:05:07.627,7.80472,7.8042,1350,1300
24.06.2024 00:05:12.740,7.804700000000001,7.8042,1180,1100
24.06.2024 00:05:13.743,7.80467,7.80436,1180,680
24.06.2024 00:05:14.896,7.804700000000001,7.80432,1280,1100
24.06.2024 00:05:17.454,7.80465,7.80437,1080,680
24.06.2024 00:05:27.428,7.8045800000000005,7.80424,1180,1480
24.06.2024 00:05:33.045,7.80471,7.80426,1380,1000
24.06.2024 00:05:33.746,7.80471,7.80427,780,1100
24.06.2024 00:05:34.748,7.8046999999999995,7.80421,780,800
24.06.2024 00:05:39.358,7.80464,7.80429,1480,1380
24.06.2024 00:05:42.266,7.80471,7.80424,780,400
24.06.2024 00:05:43.723,7.804670000000001,7.80431,1480,780
24.06.2024 00:06:44.644,7.80478,7.80424,1400,400
24.06.2024 00:06:51.879,7.804830000000001,7.80428,1300,500
24.06.2024 00:07:04.609,7.80483,7.80421,1000,800
24.06.2024 00:07:29.172,7.804790000000001,7.80422,600,1200
24.06.2024 00:07:29.223,7.804670000000001,7.80424,1380,980
24.06.2024 00:07:33.689,7.80471,7.804300000000001,680,780
24.06.2024 00:08:42.133,7.80481,7.80422,1400,700
24.06.2024 00:09:29.238,7.804880000000001,7.80428,400,600
24.06.2024 00:09:29.439,7.804919999999999,7.80425,1420,1300
24.06.2024 00:09:29.740,7.804850000000001,7.80429,1290,1100
24.06.2024 00:09:30.742,7.80468,7.8043,1380,780
24.06.2024 00:09:50.190,7.80468,7.80438,680,500
24.06.2024 00:10:01.331,7.8047,7.8043,1180,1200
24.06.2024 00:10:02.136,7.80473,7.8044,1180,600
24.06.2024 00:10:12.153,7.80469,7.8043499999999995,1280,900
24.06.2024 00:10:20.289,7.80468,7.80432,980,1380
24.06.2024 00:10:30.866,7.804810000000001,7.8042,1000,1300
24.06.2024 00:11:14.560,7.804860000000001,7.80422,1100,900
24.06.2024 00:12:16.394,7.80482,7.804230000000001,900,900
24.06.2024 00:12:31.883,7.80465,7.804360000000001,780,780
24.06.2024 00:13:32.218,7.80482,7.804230000000001,1000,900
24.06.2024 00:15:34.863,7.8047200000000005,7.8042,700,1100
24.06.2024 00:15:34.964,7.804760000000001,7.80419,1100,1300
24.06.2024 00:15:55.614,7.80471,7.804170000000001,1080,1780
24.06.2024 00:15:57.870,7.804700000000001,7.80418,1180,1650
24.06.2024 00:16:03.434,7.80466,7.804310000000001,880,1280
24.06.2024 00:16:09.998,7.8047200000000005,7.804180000000001,1780,1180
24.06.2024 00:16:33.053,7.804740000000001,7.80429,2480,1280
24.06.2024 00:16:34.658,7.80473,7.80421,1780,780
24.06.2024 00:16:41.333,7.80478,7.80424,2280,1480
24.06.2024 00:16:42.540,7.80472,7.804370000000001,1580,780
24.06.2024 00:16:47.648,7.80475,7.8042300000000004,1200,880
24.06.2024 00:16:52.758,7.80465,7.804360000000001,1180,1480
24.06.2024 00:16:54.664,7.80475,7.80421,2480,1380
24.06.2024 00:16:56.669,7.804750000000001,7.80423,1080,1480
24.06.2024 00:17:05.387,7.8047200000000005,7.80422,1100,580
24.06.2024 00:17:10.547,7.80468,7.804280000000001,1180,880
24.06.2024 00:18:02.919,7.80478,7.80428,1080,580
24.06.2024 00:18:02.970,7.80472,7.8042,580,880
24.06.2024 00:18:09.944,7.80474,7.804290000000001,1280,980
24.06.2024 00:18:25.098,7.80476,7.804250000000001,2380,1080
24.06.2024 00:18:29.710,7.804790000000001,7.80422,2080,780
24.06.2024 00:18:34.722,7.80475,7.80428,500,580
24.06.2024 00:18:39.735,7.804700000000001,7.8042300000000004,1280,2380
24.06.2024 00:18:41.239,7.80471,7.804330000000001,1080,1650
24.06.2024 00:18:45.148,7.80477,7.80419,2080,680
24.06.2024 00:19:00.132,7.80464,7.804360000000001,1080,680
24.06.2024 00:19:05.514,7.80477,7.80422,1000,1180
24.06.2024 00:19:10.527,7.8046999999999995,7.804310000000001,980,880
24.06.2024 00:19:26.820,7.8047200000000005,7.80418,1180,600
24.06.2024 00:19:30.430,7.804700000000001,7.804190000000001,780,2650
24.06.2024 00:19:41.557,7.80466,7.8042500000000015,1080,700
24.06.2024 00:19:46.822,7.804760000000001,7.804200000000001,1280,680
24.06.2024 00:19:50.458,7.8047,7.804190000000001,1280,700
24.06.2024 00:19:50.759,7.804620000000001,7.804180000000001,1300,1280
24.06.2024 00:19:50.860,7.80458,7.80416,1000,1080
24.06.2024 00:19:50.962,7.80454,7.8042300000000004,900,980
24.06.2024 00:19:51.113,7.80453,7.804049999999999,1580,2080
24.06.2024 00:19:52.466,7.804490000000001,7.804110000000001,1380,980
24.06.2024 00:19:56.125,7.80452,7.8040899999999995,980,1200
24.06.2024 00:19:57.880,7.80445,7.8040400000000005,1000,2650
24.06.2024 00:19:57.932,7.8045,7.80409,500,1350
24.06.2024 00:19:57.983,7.804460000000001,7.804080000000001,1300,1550
24.06.2024 00:19:58.034,7.80442,7.803990000000001,580,2080
24.06.2024 00:19:59.338,7.804380000000001,7.803970000000001,2080,1200
24.06.2024 00:19:59.489,7.8044199999999995,7.803990000000001,500,980
24.06.2024 00:19:59.591,7.80421,7.803850000000001,1450,1450
24.06.2024 00:19:59.894,7.80413,7.80373,780,680
24.06.2024 00:20:06.818,7.804100000000001,7.803730000000001,680,980
24.06.2024 00:20:08.524,7.80416,7.80362,1300,1480
24.06.2024 00:20:10.329,7.80418,7.80369,1300,2380
24.06.2024 00:20:10.431,7.804270000000001,7.803700000000001,580,800
24.06.2024 00:20:11.937,7.80413,7.80378,880,780
24.06.2024 00:20:14.845,7.804180000000001,7.80388,980,1480
24.06.2024 00:20:18.757,7.804350000000001,7.8037100000000015,700,1280
24.06.2024 00:20:20.412,7.804310000000001,7.803790000000001,1050,880
24.06.2024 00:20:20.513,7.804350000000001,7.80379,1450,900
24.06.2024 00:20:20.665,7.804340000000001,7.803840000000001,1250,800
24.06.2024 00:20:21.469,7.804270000000001,7.80395,1480,780
24.06.2024 00:20:25.231,7.8044,7.803780000000001,1780,1580
24.06.2024 00:20:31.348,7.80442,7.80382,2080,600
24.06.2024 00:20:32.602,7.804390000000001,7.80387,1100,680
24.06.2024 00:20:38.968,7.8043499999999995,7.8038799999999995,780,2380
24.06.2024 00:20:39.069,7.804399999999999,7.80386,1180,1000
24.06.2024 00:20:40.375,7.8044,7.803970000000001,780,780
24.06.2024 00:20:41.730,7.804360000000001,7.804000000000001,680,1480
24.06.2024 00:20:45.429,7.80441,7.804050000000001,1480,980
24.06.2024 00:21:11.799,7.8043499999999995,7.804069999999999,1480,980
24.06.2024 00:21:17.712,7.80443,7.804100000000001,780,980
24.06.2024 00:21:18.719,7.80452,7.80395,680,1180
24.06.2024 00:21:18.921,7.80445,7.80398,1400,1180
24.06.2024 00:21:19.072,7.80449,7.803940000000001,1280,580
24.06.2024 00:21:19.876,7.804539999999999,7.80389,1000,1480
24.06.2024 00:21:23.986,7.80458,7.80393,700,680
24.06.2024 00:21:33.203,7.80458,7.80391,2650,1080
24.06.2024 00:21:34.908,7.804500000000001,7.803940000000001,1380,780
24.06.2024 00:21:35.009,7.804500000000001,7.803960000000001,1180,500
24.06.2024 00:21:35.110,7.804500000000001,7.80398,1380,780
24.06.2024 00:21:35.613,7.804540000000001,7.80395,1100,1380
24.06.2024 00:21:35.914,7.8044400000000005,7.80398,800,680
24.06.2024 00:21:36.015,7.804449999999999,7.80395,600,680
24.06.2024 00:21:36.156,7.804430000000001,7.80396,1100,580
24.06.2024 00:21:37.112,7.804430000000001,7.80384,700,950
24.06.2024 00:21:37.865,7.80434,7.8039,1300,1650
24.06.2024 00:21:38.167,7.804400000000001,7.80387,500,780
24.06.2024 00:21:40.521,7.804360000000001,7.80391,400,1150
24.06.2024 00:21:42.125,7.804380000000001,7.80386,680,780
24.06.2024 00:21:43.632,7.804570000000001,7.80384,1400,880
24.06.2024 00:21:44.084,7.80461,7.80383,1270,1580
24.06.2024 00:21:47.846,7.80449,7.80384,1750,1080
24.06.2024 00:21:49.349,7.804500000000001,7.80386,580,1380
24.06.2024 00:21:50.703,7.80445,7.80384,1080,1180
24.06.2024 00:21:52.207,7.8045100000000005,7.80393,1380,580
24.06.2024 00:21:53.960,7.80448,7.80388,1580,680
24.06.2024 00:21:55.215,7.8045,7.8039,1380,880
24.06.2024 00:21:56.819,7.804450000000001,7.8039,1480,880
24.06.2024 00:22:00.127,7.804450000000001,7.8038799999999995,980,880
24.06.2024 00:22:00.228,7.80443,7.80394,1300,980
24.06.2024 00:22:00.379,7.804380000000001,7.8039,700,980
24.06.2024 00:22:00.480,7.80448,7.80387,900,580
24.06.2024 00:22:00.933,7.804500000000001,7.80391,1380,1280
24.06.2024 00:22:01.285,7.80446,7.80393,1480,880
24.06.2024 00:22:02.440,7.804499999999999,7.803870000000001,880,1350
24.06.2024 00:22:03.844,7.8045100000000005,7.80386,1150,1380
24.06.2024 00:22:05.198,7.80455,7.80396,1380,1080
24.06.2024 00:22:06.702,7.804600000000001,7.80391,900,1280
24.06.2024 00:22:06.753,7.8045800000000005,7.80384,1300,1480
24.06.2024 00:22:07.255,7.804590000000001,7.80385,1200,1480
24.06.2024 00:22:07.406,7.8045300000000015,7.80394,1100,880
24.06.2024 00:22:07.757,7.804540000000001,7.80385,800,680
24.06.2024 00:22:08.009,7.804520000000001,7.80387,1000,980
24.06.2024 00:22:10.365,7.804539999999999,7.80394,900,1480
24.06.2024 00:22:10.466,7.804520000000001,7.803930000000001,600,1300
24.06.2024 00:22:10.568,7.804539999999999,7.803929999999999,700,1300
24.06.2024 00:22:10.669,7.804450000000001,7.8039,1380,1380
24.06.2024 00:22:11.673,7.804390000000001,7.80386,980,1080
24.06.2024 00:22:11.976,7.80436,7.80386,700,1180
24.06.2024 00:22:12.278,7.80431,7.80384,1000,880
24.06.2024 00:22:12.831,7.804280000000001,7.803870000000001,1480,1280
24.06.2024 00:22:13.988,7.804400000000001,7.803920000000001,1300,780
24.06.2024 00:22:15.143,7.804329999999999,7.803850000000001,1180,680
24.06.2024 00:22:16.149,7.80431,7.803990000000001,1380,1380
24.06.2024 00:22:17.155,7.804399999999999,7.80386,1280,2280
24.06.2024 00:22:18.914,7.804410000000001,7.803820000000001,980,600
24.06.2024 00:22:22.103,7.804430000000001,7.80388,400,700
24.06.2024 00:22:25.712,7.80443,7.803870000000001,680,1180
24.06.2024 00:22:26.767,7.80441,7.803870000000001,1480,800
24.06.2024 00:22:29.426,7.80438,7.803910000000001,1480,1200
24.06.2024 00:22:29.728,7.804400000000001,7.803890000000001,800,1200
24.06.2024 00:22:29.934,7.804390000000001,7.80384,700,900
24.06.2024 00:22:30.035,7.804340000000001,7.80387,900,980
24.06.2024 00:22:30.537,7.80438,7.8038799999999995,600,1280
24.06.2024 00:22:30.939,7.804350000000001,7.80389,500,880
24.06.2024 00:22:31.090,7.80431,7.80391,880,950
24.06.2024 00:22:33.194,7.804340000000001,7.8038300000000005,2080,780
24.06.2024 00:22:35.951,7.80433,7.803920000000001,1680,1050
24.06.2024 00:22:36.052,7.80428,7.803950000000001,700,1350
24.06.2024 00:22:36.956,7.80433,7.80379,1000,1550
24.06.2024 00:22:37.007,7.80432,7.803800000000001,500,1080
24.06.2024 00:22:37.359,7.804310000000001,7.803840000000001,680,1280
24.06.2024 00:22:38.212,7.804270000000001,7.80374,1480,1450
24.06.2024 00:22:44.027,7.80417,7.80384,950,1050
24.06.2024 00:22:45.432,7.80423,7.80368,780,1480
24.06.2024 00:22:46.637,7.80421,7.80382,680,1850
24.06.2024 00:22:50.351,7.804100000000001,7.803770000000001,580,1180
24.06.2024 00:23:07.997,7.80426,7.8036900000000005,980,1380
24.06.2024 00:23:10.202,7.804240000000001,7.8036,1080,1480
24.06.2024 00:23:11.505,7.804170000000001,7.803840000000001,1280,880
24.06.2024 00:23:14.965,7.80414,7.8037800000000015,680,680
24.06.2024 00:23:22.132,7.80416,7.8037600000000005,1080,780
24.06.2024 00:24:00.458,7.804190000000001,7.803790000000001,980,1580
24.06.2024 00:25:01.299,7.804260000000001,7.80367,1100,600
24.06.2024 00:25:50.555,7.804240000000001,7.803640000000001,800,1300
24.06.2024 00:26:48.396,7.804310000000001,7.803740000000001,1100,880
24.06.2024 00:26:49.950,7.804190000000001,7.803790000000001,1480,1280
24.06.2024 00:27:31.745,7.804260000000001,7.80372,1400,680
24.06.2024 00:27:46.080,7.804240000000001,7.803770000000001,1300,1480
24.06.2024 00:27:47.184,7.804170000000001,7.803820000000001,580,880
24.06.2024 00:28:27.737,7.804230000000001,7.8037600000000005,1200,1380
24.06.2024 00:28:29.544,7.8041800000000014,7.803790000000001,580,680
24.06.2024 00:28:44.678,7.804240000000001,7.803770000000001,600,1380
24.06.2024 00:28:45.781,7.804300000000001,7.80381,500,1280
24.06.2024 00:28:50.041,7.804270000000001,7.803780000000001,1100,580
24.06.2024 00:29:00.517,7.804140000000001,7.8038500000000015,680,780
24.06.2024 00:29:14.549,7.8042500000000015,7.80374,980,1480
24.06.2024 00:29:23.677,7.8042500000000015,7.803760000000001,780,880
24.06.2024 00:29:24.982,7.8041800000000014,7.803800000000002,980,980
24.06.2024 00:29:37.714,7.804260000000001,7.803740000000001,1480,980
24.06.2024 00:29:40.110,7.804279999999999,7.80375,2380,980
24.06.2024 00:29:45.072,7.804130000000002,7.8037800000000015,680,880
24.06.2024 00:29:54.496,7.80428,7.803800000000002,880,780
24.06.2024 00:30:00.563,7.804200000000002,7.803840000000001,580,1280
24.06.2024 00:30:02.617,7.80415,7.80382,1280,880
24.06.2024 00:30:38.359,7.804290000000001,7.80373,1300,1480
24.06.2024 00:30:40.064,7.80414,7.80382,1480,1380
24.06.2024 00:30:44.824,7.804210000000001,7.8038500000000015,1580,680
24.06.2024 00:31:04.019,7.80421,7.80382,1200,1380
24.06.2024 00:31:20.542,7.804160000000001,7.8037800000000015,980,880
24.06.2024 00:31:22.949,7.8042300000000004,7.80378,1180,1480
24.06.2024 00:31:24.202,7.804250000000001,7.803780000000001,800,880
24.06.2024 00:31:28.213,7.8043000000000005,7.8037600000000005,1880,1480
24.06.2024 00:31:57.188,7.804120000000001,7.803810000000001,1580,580
24.06.2024 00:32:22.805,7.8043,7.80384,900,1080
24.06.2024 00:32:23.257,7.80429,7.80381,800,1480
24.06.2024 00:32:23.608,7.8042500000000015,7.80384,1200,880
24.06.2024 00:32:23.810,7.804150000000002,7.8038500000000015,1280,980
24.06.2024 00:32:42.133,7.80416,7.80376,780,1280
24.06.2024 00:33:26.228,7.8041599999999995,7.80374,1180,1580
24.06.2024 00:34:31.941,7.8041800000000014,7.80368,1300,1120
24.06.2024 00:34:32.092,7.80416,7.80373,600,620
24.06.2024 00:34:32.493,7.80415,7.8036900000000005,1100,620
24.06.2024 00:34:35.598,7.804190000000001,7.8036900000000005,500,820
24.06.2024 00:34:41.560,7.80416,7.8036900000000005,900,1420
24.06.2024 00:34:41.912,7.804230000000001,7.803710000000001,1100,500
24.06.2024 00:34:42.164,7.804170000000001,7.803750000000001,1200,820
24.06.2024 00:34:42.766,7.804170000000001,7.803770000000001,1300,1020
24.06.2024 00:34:51.584,7.804170000000001,7.8037600000000005,1200,520
24.06.2024 00:34:51.635,7.8041800000000014,7.803770000000001,1980,1280
24.06.2024 00:34:53.189,7.804190000000001,7.803800000000001,700,980
24.06.2024 00:34:55.243,7.80418,7.8037600000000005,880,580
24.06.2024 00:34:56.748,7.804220000000001,7.8038,2480,1370
24.06.2024 00:35:16.543,7.80411,7.80381,1080,680
24.06.2024 00:35:22.466,7.804170000000001,7.803800000000002,680,1580
24.06.2024 00:36:23.432,7.80415,7.803789999999999,1000,1520
24.06.2024 00:36:31.559,7.80417,7.80376,500,920
24.06.2024 00:36:32.113,7.804220000000001,7.80373,1000,1320
24.06.2024 00:36:42.389,7.804200000000001,7.80376,700,1000
24.06.2024 00:36:46.095,7.804170000000001,7.80374,1200,720
24.06.2024 00:36:47.349,7.80416,7.8037600000000005,1000,620
24.06.2024 00:37:00.134,7.8042300000000004,7.80376,1100,1120
24.06.2024 00:37:01.288,7.804230000000001,7.803770000000001,500,1220
24.06.2024 00:37:11.259,7.804200000000001,7.80374,1200,1120
24.06.2024 00:37:12.162,7.804180000000001,7.8038,700,1300
24.06.2024 00:37:13.416,7.804220000000001,7.80373,400,620
24.06.2024 00:37:17.024,7.804250000000001,7.80376,800,1220
24.06.2024 00:37:17.275,7.804180000000001,7.80378,900,900
24.06.2024 00:37:21.567,7.804170000000001,7.8037,1100,820
24.06.2024 00:37:22.220,7.804190000000001,7.80369,500,1320
24.06.2024 00:37:29.489,7.804200000000001,7.803749999999999,1400,1020
24.06.2024 00:37:30.742,7.804240000000001,7.803719999999999,800,620
24.06.2024 00:37:32.447,7.8042300000000004,7.80371,900,1320
24.06.2024 00:37:40.617,7.80421,7.80373,1200,990
24.06.2024 00:37:41.521,7.80426,7.803740000000001,1400,600
24.06.2024 00:37:41.873,7.804270000000001,7.803800000000002,900,800
24.06.2024 00:37:44.980,7.80421,7.803790000000001,900,1520
24.06.2024 00:37:45.231,7.80423,7.803719999999999,900,1320
24.06.2024 00:37:45.282,7.80422,7.803749999999999,700,520
24.06.2024 00:37:48.088,7.804220000000001,7.803789999999999,1000,720
24.06.2024 00:37:59.718,7.804170000000001,7.80376,600,1320
24.06.2024 00:38:01.674,7.804200000000002,7.80375,1000,1000
24.06.2024 00:38:08.090,7.80421,7.8037,1200,490
24.06.2024 00:38:08.341,7.80418,7.80374,1100,1320
24.06.2024 00:38:10.102,7.80424,7.8037800000000015,1000,920
24.06.2024 00:38:10.254,7.8042300000000004,7.8037800000000015,600,920
24.06.2024 00:38:20.229,7.804250000000001,7.803760000000001,600,720
24.06.2024 00:38:28.196,7.8042300000000004,7.803740000000001,1000,820
24.06.2024 00:38:32.607,7.804240000000001,7.80375,1000,870
24.06.2024 00:38:34.212,7.804130000000002,7.803810000000001,1350,1080
24.06.2024 00:39:19.522,7.8042,7.8037600000000005,800,780
24.06.2024 00:39:35.608,7.80426,7.80381,1200,1380
24.06.2024 00:39:38.617,7.804170000000001,7.8037800000000015,1080,1280
24.06.2024 00:39:44.834,7.804060000000001,7.80372,1380,780
24.06.2024 00:39:45.891,7.80416,7.80365,1380,1470
24.06.2024 00:39:47.096,7.80402,7.80375,580,950
24.06.2024 00:39:51.157,7.804119999999999,7.80356,1880,1799.9998999999998
24.06.2024 00:39:56.824,7.80405,7.80368,980,1450
24.06.2024 00:39:59.033,7.80407,7.803550000000001,680,1200
24.06.2024 00:40:00.034,7.804069999999999,7.803529999999999,1480,970
24.06.2024 00:40:01.237,7.804069999999999,7.803610000000001,1300,1480
24.06.2024 00:40:02.389,7.80413,7.80356,1780,1380
24.06.2024 00:40:31.859,7.80414,7.803580000000001,2180,1570
24.06.2024 00:40:34.116,7.8041,7.80359,1300,1380
24.06.2024 00:40:48.319,7.804049999999999,7.80354,580,700
24.06.2024 00:40:56.240,7.80414,7.80358,600,950
24.06.2024 00:40:57.195,7.804150000000001,7.80354,880,1150
24.06.2024 00:40:57.396,7.80411,7.80364,900,1250
24.06.2024 00:40:57.547,7.80415,7.8036,700,980
24.06.2024 00:40:57.697,7.80413,7.803640000000001,1780,1080
24.06.2024 00:40:58.799,7.8041100000000005,7.803580000000001,580,680
24.06.2024 00:41:05.613,7.804150000000001,7.803610000000001,1200,680
24.06.2024 00:41:06.865,7.80413,7.80365,1380,1080
24.06.2024 00:41:14.235,7.80409,7.80375,1380,780
24.06.2024 00:41:18.944,7.80415,7.80365,1680,580
24.06.2024 00:41:22.803,7.80412,7.80358,900,680
24.06.2024 00:41:26.262,7.80411,7.803580000000001,500,680
24.06.2024 00:41:27.866,7.80405,7.80359,1300,1580
24.06.2024 00:41:46.579,7.804080000000001,7.80365,880,580
24.06.2024 00:41:50.491,7.80415,7.803640000000001,700,1380
24.06.2024 00:41:58.157,7.80415,7.8035499999999995,1180,1200
24.06.2024 00:42:00.514,7.80411,7.80362,1080,1300
24.06.2024 00:42:09.683,7.80411,7.80354,1100,1080
24.06.2024 00:42:10.988,7.80409,7.8036,1000,1480
24.06.2024 00:42:19.995,7.804060000000001,7.80354,1380,1280
24.06.2024 00:42:21.248,7.80416,7.803600000000001,1580,1470
24.06.2024 00:42:30.972,7.804069999999999,7.803579999999999,680,1500
24.06.2024 00:42:33.479,7.80405,7.8035499999999995,1280,1400
24.06.2024 00:42:45.856,7.804080000000001,7.803599999999999,880,1480
24.06.2024 00:42:47.113,7.80405,7.80356,980,1100
24.06.2024 00:42:48.416,7.80407,7.80351,680,580
24.06.2024 00:42:55.834,7.8040899999999995,7.80357,1280,1380
24.06.2024 00:42:58.189,7.804050000000001,7.803520000000001,1280,680
24.06.2024 00:43:00.246,7.804070000000001,7.803540000000001,1080,1480
24.06.2024 00:43:06.512,7.804139999999999,7.803600000000001,1580,580
24.06.2024 00:43:07.565,7.80413,7.80362,680,980
24.06.2024 00:43:08.431,7.804099999999999,7.80361,1580,1700
24.06.2024 00:43:08.683,7.804050000000001,7.80373,1380,1180
24.06.2024 00:43:09.737,7.80408,7.803590000000001,980,1000
24.06.2024 00:43:10.990,7.8041,7.803570000000001,1300,970
24.06.2024 00:43:17.156,7.804030000000001,7.80356,1000,1400
24.06.2024 00:43:20.718,7.8040899999999995,7.803580000000001,680,1100
24.06.2024 00:43:26.679,7.80412,7.803590000000001,1080,700
24.06.2024 00:43:32.590,7.804170000000001,7.803660000000001,2380,1380
24.06.2024 00:43:33.594,7.80406,7.803590000000001,780,1400
24.06.2024 00:43:35.449,7.80414,7.80357,680,1600
24.06.2024 00:43:50.188,7.8040400000000005,7.80371,980,1080
24.06.2024 00:43:56.653,7.80408,7.803590000000001,1080,770
24.06.2024 00:43:57.708,7.804120000000001,7.8036200000000004,1780,1080
24.06.2024 00:44:10.739,7.80409,7.80372,680,1280
24.06.2024 00:44:12.200,7.8041100000000005,7.80363,1280,880
24.06.2024 00:44:19.962,7.80407,7.803580000000001,1580,680
24.06.2024 00:44:24.625,7.8041100000000005,7.80358,780,780
24.06.2024 00:44:31.593,7.804080000000001,7.8036900000000005,880,1180
24.06.2024 00:44:50.222,7.80416,7.80363,980,1480
24.06.2024 00:45:00.097,7.80403,7.803590000000001,780,780
24.06.2024 00:45:01.102,7.80407,7.80359,980,950
24.06.2024 00:45:02.107,7.80412,7.803610000000001,1100,1380
24.06.2024 00:45:08.121,7.80402,7.80354,1480,1180
24.06.2024 00:45:12.633,7.804060000000001,7.803529999999999,1180,1480
24.06.2024 00:45:14.241,7.804030000000001,7.8036900000000005,880,1280
24.06.2024 00:45:32.661,7.80408,7.80356,1480,580
24.06.2024 00:45:51.458,7.80408,7.803520000000001,1380,1750
24.06.2024 00:45:54.667,7.804100000000001,7.80357,880,1080
24.06.2024 00:46:56.169,7.80408,7.803579999999999,600,400
24.06.2024 00:47:04.993,7.80408,7.80355,1980,1080
24.06.2024 00:47:08.855,7.804080000000001,7.80357,580,1880
24.06.2024 00:47:14.770,7.80407,7.8035700000000014,1580,1080
24.06.2024 00:47:29.207,7.8041100000000005,7.8036200000000004,500,1380
24.06.2024 00:47:30.611,7.804150000000001,7.8036,1100,1280
24.06.2024 00:47:31.865,7.804050000000001,7.80368,1150,1180
24.06.2024 00:47:36.273,7.804150000000001,7.8036,1480,680
24.06.2024 00:47:37.776,7.804150000000001,7.803590000000001,700,880
24.06.2024 00:47:40.734,7.804150000000001,7.803570000000001,2380,680
24.06.2024 00:47:41.988,7.804100000000001,7.803599999999999,1280,1680
24.06.2024 00:47:46.051,7.804080000000001,7.80363,1780,1380
24.06.2024 00:47:53.017,7.8040400000000005,7.80371,880,1480
24.06.2024 00:48:00.235,7.80414,7.803570000000001,1100,1380
24.06.2024 00:48:09.406,7.80408,7.803640000000001,1200,1480
24.06.2024 00:48:09.508,7.80408,7.8036,1200,880
24.06.2024 00:48:11.863,7.80412,7.803640000000001,1200,1580
24.06.2024 00:48:14.319,7.804100000000001,7.803620000000001,800,980
24.06.2024 00:48:15.822,7.804080000000001,7.803560000000001,1380,980
24.06.2024 00:48:16.926,7.8041,7.80363,680,880
24.06.2024 00:48:30.256,7.804099999999999,7.803610000000001,680,1380
24.06.2024 00:48:31.313,7.80409,7.803650000000001,700,1280
24.06.2024 00:48:32.918,7.80414,7.803660000000001,1200,680
24.06.2024 00:48:33.270,7.80413,7.803630000000001,700,880
24.06.2024 00:48:43.843,7.804080000000001,7.803640000000001,1480,1580
24.06.2024 00:48:49.509,7.804099999999999,7.803670000000001,800,880
24.06.2024 00:48:51.614,7.80413,7.803540000000001,1180,980
24.06.2024 00:48:52.866,7.804100000000001,7.803640000000001,1180,980
24.06.2024 00:48:57.325,7.80409,7.80364,1480,880
24.06.2024 00:48:58.978,7.80413,7.80358,880,1380
24.06.2024 00:49:00.581,7.80413,7.80363,1280,880
24.06.2024 00:49:33.657,7.804189999999999,7.803600000000001,900,1180
24.06.2024 00:49:33.860,7.804100000000001,7.803600000000001,1100,680
24.06.2024 00:49:45.839,7.804070000000001,7.803550000000001,980,1980
24.06.2024 00:49:46.945,7.804049999999999,7.803530000000001,780,1180
24.06.2024 00:49:50.004,7.804050000000001,7.80354,1080,1680
24.06.2024 00:49:52.910,7.8041,7.803620000000001,1580,780
24.06.2024 00:49:54.112,7.804100000000001,7.803670000000001,1280,880
24.06.2024 00:49:57.720,7.804060000000001,7.80357,680,680
24.06.2024 00:49:59.425,7.804100000000001,7.803570000000001,1080,980
24.06.2024 00:50:01.929,7.804120000000001,7.803630000000001,580,880
24.06.2024 00:50:13.242,7.80413,7.803650000000001,880,1380
24.06.2024 00:50:15.298,7.80409,7.803600000000001,1280,980
24.06.2024 00:50:18.106,7.8040899999999995,7.803590000000001,980,1180
24.06.2024 00:50:21.866,7.804080000000001,7.80358,1180,580
24.06.2024 00:50:22.918,7.80416,7.80364,1180,780
24.06.2024 00:50:33.144,7.8041100000000005,7.803620000000001,1180,1080
24.06.2024 00:50:41.267,7.80416,7.803640000000001,780,1280
24.06.2024 00:50:44.991,7.80407,7.8035499999999995,880,780
24.06.2024 00:50:56.273,7.804180000000001,7.803660000000001,2380,680
24.06.2024 00:50:58.178,7.80407,7.803540000000001,780,2180
24.06.2024 00:50:59.933,7.80413,7.803590000000001,1080,2380
24.06.2024 00:51:00.936,7.80406,7.80357,1380,980
24.06.2024 00:51:02.039,7.80412,7.803580000000001,1380,1200
24.06.2024 00:51:03.242,7.804100000000001,7.803520000000001,1480,1880
24.06.2024 00:51:06.901,7.804080000000001,7.803520000000001,880,600
24.06.2024 00:51:13.388,7.804050000000001,7.803590000000001,1280,1580
24.06.2024 00:51:16.676,7.804130000000001,7.80354,780,1280
24.06.2024 00:51:18.183,7.80413,7.80354,580,880
24.06.2024 00:51:19.738,7.80409,7.803530000000001,780,2180
24.06.2024 00:51:41.359,7.80414,7.803560000000001,1180,1280
24.06.2024 00:51:49.228,7.8041,7.803540000000001,1180,1100
24.06.2024 00:51:50.380,7.804049999999999,7.8035499999999995,780,780
24.06.2024 00:51:51.936,7.80408,7.803580000000001,1180,2080
24.06.2024 00:51:56.748,7.8040400000000005,7.803600000000001,780,2380
24.06.2024 00:51:58.203,7.804139999999999,7.803590000000001,1280,1280
24.06.2024 00:52:00.960,7.80412,7.803560000000001,1580,980
24.06.2024 00:52:25.422,7.804100000000001,7.80361,880,1180
24.06.2024 00:52:30.084,7.80409,7.803590000000001,580,1080
24.06.2024 00:52:31.288,7.804060000000001,7.803530000000001,780,900
24.06.2024 00:52:37.819,7.80412,7.803530000000001,1180,2280
24.06.2024 00:52:38.876,7.804100000000001,7.80359,1080,1180
24.06.2024 00:52:47.345,7.80412,7.80363,1280,1580
24.06.2024 00:52:50.905,7.804069999999999,7.803600000000001,1180,1480
24.06.2024 00:52:56.770,7.8040400000000005,7.803599999999999,1480,1080
24.06.2024 00:53:00.326,7.804080000000001,7.803600000000001,580,1080
24.06.2024 00:53:01.679,7.804120000000001,7.803529999999999,880,680
24.06.2024 00:53:04.735,7.80413,7.803610000000001,1480,1280
24.06.2024 00:53:08.046,7.8041100000000005,7.80357,1180,1380
24.06.2024 00:53:13.405,7.80402,7.80351,1480,2080
24.06.2024 00:53:20.431,7.804119999999999,7.803620000000001,580,680
24.06.2024 00:53:26.901,7.8040400000000005,7.80355,1380,1080
24.06.2024 00:53:31.263,7.8041100000000005,7.803599999999999,1280,1580
24.06.2024 00:53:34.018,7.80409,7.80355,580,680
24.06.2024 00:53:38.778,7.80409,7.803520000000001,680,1580
24.06.2024 00:53:50.202,7.80405,7.803570000000001,580,1080
24.06.2024 00:53:56.770,7.80405,7.80356,980,1380
24.06.2024 00:53:58.190,7.80408,7.80351,1080,1280
24.06.2024 00:54:01.450,7.80409,7.80357,980,980
24.06.2024 00:54:03.003,7.80411,7.80356,780,1480
24.06.2024 00:54:07.064,7.80401,7.80352,980,1380
24.06.2024 00:54:17.288,7.80408,7.803560000000001,580,780
24.06.2024 00:54:26.770,7.80401,7.80354,980,680
24.06.2024 00:54:30.128,7.8040400000000005,7.803530000000001,1280,680
24.06.2024 00:54:31.481,7.80409,7.803599999999999,880,980
24.06.2024 00:54:37.093,7.80407,7.80356,680,880
24.06.2024 00:54:41.513,7.8041,7.803610000000001,1580,1080
24.06.2024 00:54:47.377,7.804120000000001,7.80352,600,1200
24.06.2024 00:54:50.635,7.804100000000001,7.803590000000001,1280,1080
24.06.2024 00:54:55.848,7.804080000000001,7.80356,1180,680
24.06.2024 00:54:56.850,7.804070000000001,7.803640000000001,1280,1100
24.06.2024 00:54:56.951,7.8041100000000005,7.80378,1280,780
24.06.2024 00:54:58.055,7.80421,7.803770000000001,780,1080
24.06.2024 00:54:59.260,7.80421,7.80375,880,2380
24.06.2024 00:55:01.819,7.804150000000001,7.8037100000000015,880,1380
24.06.2024 00:55:03.123,7.804240000000001,7.803750000000002,580,1480
24.06.2024 00:55:06.430,7.80424,7.803820000000001,880,880
24.06.2024 00:55:07.765,7.80413,7.8038,1480,1580
24.06.2024 00:55:31.525,7.80419,7.80381,680,1080
24.06.2024 00:55:34.433,7.804170000000001,7.803800000000001,980,1080
24.06.2024 00:55:35.789,7.8042300000000004,7.8037600000000005,1180,780
24.06.2024 00:55:41.454,7.80427,7.803780000000001,1180,780
24.06.2024 00:55:44.871,7.804200000000001,7.8038300000000005,900,880
24.06.2024 00:55:44.922,7.804230000000001,7.8038,980,780
24.06.2024 00:55:54.596,7.8040899999999995,7.803780000000001,580,980
24.06.2024 00:56:04.071,7.80421,7.80377,1080,880
24.06.2024 00:56:10.183,7.8041599999999995,7.80377,1180,1480
24.06.2024 00:56:20.112,7.80416,7.8037600000000005,1280,880
24.06.2024 00:56:31.035,7.804200000000001,7.803750000000002,680,680
24.06.2024 00:56:39.757,7.804180000000001,7.80378,780,1980
24.06.2024 00:56:48.931,7.80407,7.80378,780,1580
24.06.2024 00:57:31.395,7.80421,7.80381,1080,1380
24.06.2024 00:57:40.565,7.804130000000001,7.80379,680,980
24.06.2024 00:57:42.268,7.804200000000001,7.803790000000001,1080,980
24.06.2024 00:57:43.973,7.804140000000001,7.80378,1180,980
24.06.2024 00:58:07.735,7.80412,7.80378,1480,680
24.06.2024 00:58:12.297,7.804190000000001,7.80376,1080,1180
24.06.2024 00:58:26.533,7.80417,7.803780000000001,780,1080
24.06.2024 00:58:37.961,7.80417,7.80373,1280,1280
24.06.2024 00:58:39.618,7.80416,7.80379,880,1180
24.06.2024 00:58:42.322,7.80414,7.80377,1480,1480
24.06.2024 00:58:48.517,7.80414,7.8037600000000005,1380,680
24.06.2024 00:58:49.771,7.804200000000001,7.80379,1000,880
24.06.2024 00:58:51.277,7.80412,7.80378,1180,1280
24.06.2024 00:59:00.100,7.804100000000001,7.803790000000001,680,1480
24.06.2024 00:59:02.308,7.804080000000001,7.8037800000000015,1899.9998999999998,1380
24.06.2024 00:59:02.560,7.80407,7.8037800000000015,900,780
24.06.2024 00:59:03.112,7.80409,7.803700000000001,2499.9999,1280
24.06.2024 00:59:04.065,7.804050000000001,7.8037600000000005,820,1580
24.06.2024 00:59:04.216,7.80406,7.80375,1220,1280
24.06.2024 00:59:05.420,7.8041,7.80367,1220,1280
24.06.2024 00:59:13.087,7.80406,7.80373,770,1480
24.06.2024 00:59:16.046,7.80403,7.803699999999999,1700,1580
24.06.2024 00:59:19.603,7.80402,7.80372,1320,580
24.06.2024 00:59:20.255,7.804069999999999,7.803660000000001,1220,1580
24.06.2024 00:59:20.306,7.803999999999999,7.803710000000001,620,1080
24.06.2024 00:59:20.507,7.803999999999999,7.8036900000000005,1420,1280
24.06.2024 00:59:20.708,7.803990000000001,7.803710000000001,1200,850
24.06.2024 00:59:27.344,7.80404,7.8036900000000005,1420,1080
24.06.2024 00:59:28.598,7.804020000000001,7.803640000000001,800,1180
24.06.2024 00:59:48.445,7.804080000000001,7.803660000000001,1600,580
24.06.2024 00:59:52.806,7.803999999999999,7.803680000000001,620,780
24.06.2024 00:59:52.857,7.8040199999999995,7.803680000000001,1220,1380
24.06.2024 00:59:54.061,7.80408,7.80372,620,980
24.06.2024 00:59:54.712,7.804069999999999,7.80368,1520,1180
24.06.2024 00:59:55.364,7.80399,7.803680000000001,1320,1580
24.06.2024 01:00:00.075,7.804010000000001,7.803730000000001,1220,500
24.06.2024 01:00:11.280,7.804050000000001,7.803720000000001,620,800
24.06.2024 01:00:11.331,7.80402,7.803750000000002,820,600
24.06.2024 01:00:15.289,7.803920000000001,7.803710000000001,500,1380
24.06.2024 01:00:15.391,7.803850000000001,7.8036200000000004,600,680
24.06.2024 01:00:15.744,7.803800000000001,7.803580000000001,600,880
24.06.2024 01:00:15.795,7.8037399999999995,7.80349,1200,1880
24.06.2024 01:00:16.198,7.8037600000000005,7.8035,1200,1580
24.06.2024 01:00:16.300,7.80361,7.80346,1200,1280
24.06.2024 01:00:16.351,7.803520000000001,7.80333,1100,580
24.06.2024 01:00:16.402,7.80349,7.80327,900,580
24.06.2024 01:00:16.453,7.80347,7.803210000000001,800,950
24.06.2024 01:00:16.504,7.80338,7.803230000000001,500,1150
24.06.2024 01:00:16.554,7.80338,7.803160000000001,1000,850
24.06.2024 01:00:16.605,7.80334,7.803140000000001,400,1650
24.06.2024 01:00:16.707,7.80339,7.80308,1320,800
24.06.2024 01:00:16.758,7.803399999999999,7.80316,1420,1400
24.06.2024 01:00:16.859,7.803349999999999,7.80312,1100,1000
24.06.2024 01:00:17.260,7.80334,7.80311,400,1100
24.06.2024 01:00:17.362,7.80327,7.803070000000001,900,1350
24.06.2024 01:00:17.412,7.803369999999999,7.803120000000001,1200,1550
24.06.2024 01:00:17.614,7.80336,7.80309,700,1200
24.06.2024 01:00:19.068,7.80337,7.803120000000001,600,700
24.06.2024 01:00:19.270,7.803420000000001,7.80319,1100,1300
24.06.2024 01:00:19.572,7.80348,7.80316,1320,700
24.06.2024 01:00:19.823,7.803450000000001,7.803210000000001,720,800
24.06.2024 01:00:19.925,7.80344,7.803170000000001,600,600
24.06.2024 01:00:20.177,7.803440000000001,7.803260000000001,1220,500
24.06.2024 01:00:20.227,7.80351,7.8032900000000005,400,1300
24.06.2024 01:00:20.530,7.8035,7.803310000000001,1300,600
24.06.2024 01:00:21.282,7.80352,7.8031999999999995,600,1000
24.06.2024 01:00:22.185,7.803530000000001,7.803280000000001,900,1300
24.06.2024 01:00:22.337,7.803470000000001,7.80328,600,950
24.06.2024 01:00:22.388,7.803470000000001,7.8032699999999995,1200,1450
24.06.2024 01:00:22.940,7.803500000000001,7.803230000000001,1000,1580
24.06.2024 01:00:24.345,7.8033600000000005,7.803200000000001,600,1300
24.06.2024 01:00:24.496,7.8033800000000015,7.80316,1300,1300
24.06.2024 01:00:27.254,7.80341,7.80316,900,400
24.06.2024 01:00:29.511,7.80346,7.8032699999999995,590,700
24.06.2024 01:00:29.613,7.80353,7.803310000000001,490,800
24.06.2024 01:00:30.669,7.80356,7.803330000000001,920,1100
24.06.2024 01:00:30.771,7.803610000000001,7.803410000000001,1520,1100
24.06.2024 01:00:31.023,7.803670000000001,7.803440000000001,1100,1300
24.06.2024 01:00:31.625,7.803630000000001,7.80343,400,1100
24.06.2024 01:00:31.928,7.80367,7.803470000000001,1000,1200
24.06.2024 01:00:31.979,7.80372,7.80348,720,500
24.06.2024 01:00:32.180,7.80375,7.803400000000001,620,600
24.06.2024 01:00:33.113,7.8036900000000005,7.803420000000001,800,1000
24.06.2024 01:00:35.520,7.80367,7.80345,600,900
24.06.2024 01:00:35.621,7.8036900000000005,7.803420000000001,1490,400
24.06.2024 01:00:35.722,7.80366,7.803420000000001,1300,800
24.06.2024 01:00:35.974,7.80361,7.80341,700,800
24.06.2024 01:00:37.229,7.80361,7.80341,600,500
24.06.2024 01:00:47.156,7.803560000000001,7.8033600000000005,1300,600
24.06.2024 01:00:47.307,7.80355,7.8034300000000005,400,1000
24.06.2024 01:00:47.408,7.803640000000001,7.803460000000001,1000,800
24.06.2024 01:00:47.609,7.80363,7.803420000000001,500,1200
24.06.2024 01:00:49.864,7.803570000000001,7.80341,600,400
24.06.2024 01:00:57.481,7.8036200000000004,7.80346,600,1300
24.06.2024 01:00:58.635,7.803710000000001,7.80346,600,400
24.06.2024 01:01:00.492,7.803769999999999,7.803510000000001,1100,400
24.06.2024 01:01:00.594,7.80379,7.80351,800,900
24.06.2024 01:01:46.814,7.80379,7.803529999999999,1100,1050
24.06.2024 01:01:46.867,7.80377,7.8035,1100,950
24.06.2024 01:01:47.820,7.8037600000000005,7.80347,400,2450
24.06.2024 01:01:50.727,7.80378,7.8035000000000005,900,1750
24.06.2024 01:01:51.630,7.803800000000002,7.803490000000001,1200,600
24.06.2024 01:01:53.286,7.8038500000000015,7.80361,1100,1380
24.06.2024 01:01:55.292,7.803810000000001,7.80357,900,1380
24.06.2024 01:01:56.345,7.80378,7.80359,500,1380
24.06.2024 01:01:57.351,7.80379,7.80352,800,980
24.06.2024 01:02:00.209,7.80378,7.8035,1000,880
24.06.2024 01:02:06.932,7.803790000000001,7.80351,1300,780
24.06.2024 01:02:44.118,7.80372,7.803529999999999,1100,1380
24.06.2024 01:02:47.777,7.803700000000001,7.803380000000001,800,1580
24.06.2024 01:03:24.284,7.803710000000001,7.8034300000000005,1200,1050
24.06.2024 01:03:32.700,7.803710000000001,7.803420000000001,500,2650
24.06.2024 01:03:33.952,7.80375,7.8034300000000005,900,1200
24.06.2024 01:03:34.204,7.803770000000001,7.80349,900,600
24.06.2024 01:04:04.045,7.803750000000002,7.803490000000001,1000,1480
24.06.2024 01:04:05.299,7.803750000000002,7.80345,1000,1380
24.06.2024 01:04:08.906,7.80381,7.803529999999999,800,900
24.06.2024 01:04:23.289,7.803790000000001,7.803460000000001,700,680
24.06.2024 01:04:24.145,7.803790000000001,7.8035000000000005,500,1450
24.06.2024 01:04:28.151,7.8038300000000005,7.80354,900,1000
24.06.2024 01:04:30.807,7.80381,7.803460000000001,1100,1000
24.06.2024 01:04:37.680,7.803730000000002,7.8035,1000,680
24.06.2024 01:04:42.241,7.803800000000001,7.803460000000001,1000,900
24.06.2024 01:04:59.429,7.803770000000001,7.8035499999999995,900,1380
24.06.2024 01:05:00.734,7.803790000000001,7.803510000000001,1000,600
24.06.2024 01:05:05.193,7.803850000000001,7.803550000000001,1400,1280
24.06.2024 01:05:06.946,7.803770000000001,7.803620000000001,600,680
24.06.2024 01:05:13.031,7.803860000000001,7.803550000000001,800,1200
24.06.2024 01:05:20.048,7.803770000000001,7.8035700000000014,1200,1480
24.06.2024 01:05:21.350,7.803790000000001,7.803500000000001,1400,1300
24.06.2024 01:05:30.575,7.803800000000002,7.80352,1400,1150
24.06.2024 01:05:40.546,7.803810000000001,7.80353,600,1939.9998999999998
24.06.2024 01:06:10.394,7.803770000000001,7.803560000000001,700,1180
24.06.2024 01:06:11.997,7.803810000000001,7.80346,500,1300
24.06.2024 01:06:18.664,7.803790000000001,7.803630000000001,500,780
24.06.2024 01:06:27.317,7.803820000000001,7.80355,500,1300
24.06.2024 01:06:43.307,7.803820000000001,7.803500000000001,1100,1080
24.06.2024 01:06:59.094,7.803860000000001,7.80355,800,1580
24.06.2024 01:07:00.147,7.803770000000001,7.803510000000001,1200,1080
24.06.2024 01:07:14.937,7.803750000000001,7.803470000000001,400,2550
24.06.2024 01:08:31.482,7.803750000000002,7.80346,1300,1080
24.06.2024 01:08:34.894,7.803760000000001,7.80353,600,1380
24.06.2024 01:08:39.255,7.80368,7.803470000000001,1300,780
24.06.2024 01:08:39.307,7.80368,7.80346,1200,1180
24.06.2024 01:08:39.358,7.80378,7.80353,800,680
24.06.2024 01:08:39.711,7.80378,7.803470000000001,600,1080
24.06.2024 01:08:41.417,7.803660000000001,7.80346,800,1080
24.06.2024 01:08:41.468,7.803710000000001,7.8033800000000015,500,1380
24.06.2024 01:08:41.519,7.80365,7.8033800000000015,500,980
24.06.2024 01:08:41.620,7.803580000000001,7.8033800000000015,800,1480
24.06.2024 01:08:41.671,7.803600000000001,7.803350000000001,1300,1300
24.06.2024 01:08:41.823,7.80365,7.80323,900,1080
24.06.2024 01:08:42.077,7.80356,7.8032900000000005,700,1480
24.06.2024 01:08:42.879,7.803550000000001,7.803240000000001,500,1080
24.06.2024 01:08:43.983,7.803590000000001,7.8032699999999995,400,1580
24.06.2024 01:08:45.119,7.803550000000001,7.80323,400,1380
24.06.2024 01:08:45.220,7.80363,7.80318,1100,1280
24.06.2024 01:08:45.322,7.803450000000001,7.80323,700,580
24.06.2024 01:08:45.423,7.8035,7.80318,1000,1180
24.06.2024 01:08:46.228,7.80345,7.803280000000001,1100,780
24.06.2024 01:08:46.380,7.80351,7.803310000000001,1300,580
24.06.2024 01:08:48.486,7.80341,7.803250000000001,400,1180
24.06.2024 01:08:48.588,7.803400000000001,7.803240000000001,1100,1580
24.06.2024 01:08:48.890,7.803400000000001,7.803120000000001,600,400
24.06.2024 01:08:53.001,7.80327,7.8030300000000015,1300,1380
24.06.2024 01:08:54.560,7.80327,7.802980000000002,800,800
24.06.2024 01:08:57.014,7.803240000000001,7.80297,800,780
24.06.2024 01:08:58.069,7.80321,7.80303,1400,780
24.06.2024 01:08:59.324,7.80323,7.80294,1000,700
24.06.2024 01:09:02.334,7.8032,7.8030100000000004,1300,700
24.06.2024 01:09:05.393,7.80327,7.80295,700,1400
24.06.2024 01:09:07.999,7.8032200000000005,7.8030100000000004,900,500
24.06.2024 01:09:08.451,7.803250000000001,7.803030000000001,1000,1400
24.06.2024 01:09:08.753,7.803210000000001,7.802970000000001,1200,800
24.06.2024 01:09:11.614,7.803250000000001,7.803070000000001,1200,800
24.06.2024 01:09:12.569,7.80321,7.8030100000000004,1400,1400
24.06.2024 01:09:14.777,7.803260000000001,7.80303,900,1100
24.06.2024 01:09:14.827,7.80331,7.803120000000001,1200,1400
24.06.2024 01:09:14.878,7.8032900000000005,7.80306,700,1200
24.06.2024 01:09:20.447,7.803280000000001,7.803050000000001,700,1280
24.06.2024 01:09:20.699,7.803260000000001,7.8031000000000015,1100,1000
24.06.2024 01:09:28.323,7.8032,7.80304,600,500
24.06.2024 01:09:40.749,7.803300000000001,7.8030300000000015,1000,700
24.06.2024 01:09:41.954,7.803380000000001,7.80309,1080,1100
24.06.2024 01:09:42.456,7.803330000000001,7.803100000000001,980,1200
24.06.2024 01:09:43.159,7.803380000000001,7.803140000000001,1050,600
24.06.2024 01:09:43.210,7.8034300000000005,7.803170000000001,1750,1000
24.06.2024 01:09:44.916,7.8033600000000005,7.80314,980,500
24.06.2024 01:09:45.268,7.803440000000001,7.80311,1380,1000
24.06.2024 01:09:45.420,7.803400000000001,7.803200000000001,1580,900
24.06.2024 01:09:45.471,7.803440000000001,7.80311,780,500
24.06.2024 01:09:45.522,7.803380000000001,7.8032,1080,1200
24.06.2024 01:09:45.774,7.8034300000000005,7.803180000000001,880,1100
24.06.2024 01:09:45.975,7.80351,7.80322,580,1400
24.06.2024 01:09:47.280,7.803490000000001,7.80331,980,900
24.06.2024 01:09:47.331,7.80357,7.8034300000000005,780,800
24.06.2024 01:09:47.382,7.8036900000000005,7.80348,880,1400
24.06.2024 01:09:47.433,7.803650000000001,7.803470000000001,880,1100
24.06.2024 01:09:47.534,7.803610000000001,7.803490000000001,780,1300
24.06.2024 01:09:47.636,7.8037600000000005,7.80346,1280,1100
24.06.2024 01:09:47.737,7.803750000000001,7.80345,1280,900
24.06.2024 01:09:47.940,7.803700000000001,7.803460000000001,1180,1000
24.06.2024 01:09:49.297,7.803780000000001,7.80352,780,700
24.06.2024 01:09:49.348,7.803870000000001,7.80357,1380,1100
24.06.2024 01:09:51.055,7.80381,7.80359,1080,1300
24.06.2024 01:09:51.557,7.80384,7.80357,500,600
24.06.2024 01:09:55.276,7.803770000000001,7.80361,1180,400
24.06.2024 01:09:56.536,7.80385,7.80362,1400,500
24.06.2024 01:10:02.303,7.803870000000001,7.803650000000001,500,1300
24.06.2024 01:10:02.410,7.80395,7.8037,1200,1000
24.06.2024 01:10:02.763,7.80393,7.80372,600,1100
24.06.2024 01:10:03.266,7.803950000000001,7.8038300000000005,880,900
24.06.2024 01:10:03.417,7.80405,7.8037600000000005,900,500
24.06.2024 01:10:05.974,7.804020000000001,7.80389,1580,1200
24.06.2024 01:10:06.076,7.80407,7.80389,980,1000
24.06.2024 01:10:06.127,7.80409,7.80393,1180,600
24.06.2024 01:10:07.131,7.80408,7.803890000000001,400,600
24.06.2024 01:10:07.784,7.80412,7.8039000000000005,780,1100
24.06.2024 01:10:08.087,7.8041,7.803840000000001,600,1200
24.06.2024 01:10:08.138,7.804080000000001,7.80381,700,500
24.06.2024 01:10:08.189,7.8040899999999995,7.803850000000001,500,600
24.06.2024 01:10:08.642,7.804119999999999,7.8037600000000005,1200,900
24.06.2024 01:10:09.346,7.80402,7.80377,880,700
24.06.2024 01:10:09.999,7.80408,7.803720000000001,1080,1200
24.06.2024 01:10:10.150,7.8041,7.803719999999999,880,1300
24.06.2024 01:10:10.603,7.804010000000001,7.803749999999999,780,1200
24.06.2024 01:10:11.207,7.804010000000001,7.803840000000001,1380,1300
24.06.2024 01:10:11.661,7.80409,7.803780000000001,600,1300
24.06.2024 01:10:11.712,7.804060000000001,7.80388,1380,900
24.06.2024 01:10:11.813,7.80409,7.80391,580,1000
24.06.2024 01:10:11.864,7.80421,7.8039,980,400
24.06.2024 01:10:13.619,7.804150000000002,7.80387,1480,900
24.06.2024 01:10:14.724,7.804099999999999,7.803870000000001,780,400
24.06.2024 01:10:15.227,7.8040899999999995,7.80399,1280,1300
24.06.2024 01:10:15.328,7.8041599999999995,7.803999999999999,1180,700
24.06.2024 01:10:15.530,7.804240000000001,7.80398,1280,1000
24.06.2024 01:10:16.032,7.804130000000001,7.803960000000001,600,500
24.06.2024 01:10:17.137,7.804170000000001,7.80391,1000,800
24.06.2024 01:10:17.238,7.804120000000001,7.80391,1000,1300
24.06.2024 01:10:17.390,7.80409,7.803860000000001,1000,500
24.06.2024 01:10:17.692,7.803960000000001,7.80378,600,1200
24.06.2024 01:10:17.743,7.80392,7.80361,800,600
24.06.2024 01:10:18.046,7.803870000000001,7.80365,1200,700
24.06.2024 01:10:20.233,7.8039700000000005,7.80367,1480,1100
24.06.2024 01:10:20.585,7.8039499999999995,7.8037,1050,1300
24.06.2024 01:10:22.292,7.80392,7.80368,1180,600
24.06.2024 01:10:22.443,7.8038799999999995,7.803590000000001,680,1200
24.06.2024 01:10:22.544,7.8039,7.803640000000001,1380,500
24.06.2024 01:10:23.347,7.80393,7.803640000000001,1000,1300
24.06.2024 01:10:24.705,7.80389,7.803640000000001,980,600
24.06.2024 01:10:29.515,7.80389,7.80362,880,900
24.06.2024 01:10:30.920,7.80391,7.80363,600,600
24.06.2024 01:10:30.970,7.803770000000001,7.80356,500,600
24.06.2024 01:10:36.732,7.803790000000001,7.803560000000001,500,900
24.06.2024 01:10:36.834,7.803870000000001,7.80358,600,900
24.06.2024 01:10:41.293,7.80377,7.8036,400,800
24.06.2024 01:10:50.815,7.8037800000000015,7.8035700000000014,900,600
24.06.2024 01:11:09.591,7.8038300000000005,7.803650000000001,1100,1300
24.06.2024 01:11:09.642,7.80389,7.80372,700,1300
24.06.2024 01:11:10.044,7.803910000000001,7.8036900000000005,900,500
24.06.2024 01:11:17.562,7.803860000000001,7.8036200000000004,600,600
24.06.2024 01:11:53.618,7.80385,7.80364,800,1080
24.06.2024 01:11:53.719,7.803820000000001,7.803680000000001,900,1000
24.06.2024 01:12:01.269,7.803830000000001,7.803590000000001,500,680
24.06.2024 01:12:02.480,7.803910000000001,7.803640000000001,600,1450
24.06.2024 01:12:23.729,7.803840000000001,7.803590000000001,600,2380
24.06.2024 01:12:31.502,7.803900000000001,7.8036200000000004,1200,680
24.06.2024 01:12:34.141,7.803880000000001,7.803570000000001,500,1000
24.06.2024 01:12:35.296,7.803960000000001,7.80366,900,980
24.06.2024 01:12:55.493,7.803880000000001,7.803620000000001,1000,1780
24.06.2024 01:13:00.708,7.803940000000001,7.803650000000001,900,1080
24.06.2024 01:13:12.497,7.80401,7.8036200000000004,1200,2080
24.06.2024 01:13:12.548,7.803940000000001,7.803710000000001,800,1380
24.06.2024 01:13:12.599,7.80403,7.8036900000000005,400,1300
24.06.2024 01:13:12.650,7.8041100000000005,7.80369,700,790
24.06.2024 01:13:12.752,7.80409,7.80369,1100,590
24.06.2024 01:13:12.853,7.804050000000001,7.80373,1300,1320
24.06.2024 01:13:13.707,7.80402,7.80374,400,1280
24.06.2024 01:13:18.117,7.804030000000001,7.803800000000002,600,1580
24.06.2024 01:13:22.777,7.80405,7.8037800000000015,900,1580
24.06.2024 01:13:22.828,7.8040400000000005,7.803710000000001,800,1569.9998999999998
24.06.2024 01:13:23.079,7.804000000000001,7.803680000000001,800,1580
24.06.2024 01:13:23.181,7.803880000000001,7.803680000000001,1000,1080
24.06.2024 01:13:23.434,7.803870000000001,7.803670000000001,900,880
24.06.2024 01:13:24.086,7.803870000000001,7.803630000000001,900,1100
24.06.2024 01:13:31.452,7.80385,7.803610000000001,600,1380
24.06.2024 01:13:31.554,7.803860000000001,7.803590000000001,500,1380
24.06.2024 01:13:31.956,7.803910000000001,7.803660000000001,1100,1350
24.06.2024 01:13:40.575,7.8037800000000015,7.803650000000001,1300,680
24.06.2024 01:13:40.676,7.803820000000001,7.803630000000001,1200,880
24.06.2024 01:13:40.978,7.8037600000000005,7.803590000000001,800,1380
24.06.2024 01:13:45.294,7.803720000000001,7.80356,1200,780
24.06.2024 01:13:45.446,7.8037399999999995,7.80339,700,680
24.06.2024 01:13:45.497,7.80382,7.80341,900,900
24.06.2024 01:13:45.800,7.803770000000001,7.80346,1200,1000
24.06.2024 01:13:46.604,7.803820000000001,7.803510000000001,500,1480
24.06.2024 01:13:50.814,7.803830000000001,7.8034799999999995,900,980
24.06.2024 01:13:52.217,7.803830000000001,7.803420000000001,700,1880
24.06.2024 01:13:55.822,7.803770000000001,7.8034500000000016,700,500
24.06.2024 01:14:01.133,7.803780000000001,7.80345,1300,1750
24.06.2024 01:14:06.292,7.80374,7.80345,600,1650
24.06.2024 01:14:06.681,7.803710000000001,7.80342,1300,500
24.06.2024 01:14:09.389,7.80367,7.803400000000002,900,1200
24.06.2024 01:14:09.440,7.803600000000001,7.8033,400,980
24.06.2024 01:14:09.491,7.80367,7.8033,2080,2380
24.06.2024 01:14:10.648,7.803680000000001,7.80338,600,1580
24.06.2024 01:14:12.452,7.8036900000000005,7.8034300000000005,1200,400
24.06.2024 01:14:12.553,7.803810000000001,7.8035,1000,900
24.06.2024 01:14:13.757,7.8037800000000015,7.803540000000001,1300,780
24.06.2024 01:14:14.911,7.8037800000000015,7.80351,1300,1150
24.06.2024 01:14:16.216,7.803730000000002,7.80353,900,780
24.06.2024 01:14:20.477,7.803730000000002,7.80351,800,1280
24.06.2024 01:14:21.984,7.80391,7.80358,1180,1080
24.06.2024 01:14:22.035,7.803730000000001,7.803420000000001,500,1480
24.06.2024 01:14:22.136,7.80372,7.80341,700,2530.0001
24.06.2024 01:14:22.489,7.803649999999999,7.80337,1300,1580
24.06.2024 01:14:22.540,7.80368,7.80334,1100,580
24.06.2024 01:14:22.691,7.80368,7.803380000000001,900,1380
24.06.2024 01:14:23.195,7.8037,7.803330000000001,1200,1380
24.06.2024 01:14:25.200,7.803640000000001,7.80332,1300,1280
24.06.2024 01:14:27.355,7.8037,7.803370000000001,600,1650
24.06.2024 01:14:27.456,7.803670000000001,7.80349,780,1200
24.06.2024 01:14:27.507,7.803699999999999,7.8034,500,400
24.06.2024 01:14:27.558,7.80378,7.80346,400,900
24.06.2024 01:14:27.869,7.803749999999999,7.803480000000001,1000,1480
24.06.2024 01:14:28.874,7.8037399999999995,7.80354,800,1280
24.06.2024 01:14:30.027,7.80369,7.80355,600,1080
24.06.2024 01:14:30.280,7.80371,7.80346,700,1280
24.06.2024 01:14:31.184,7.80371,7.8035,400,1580
24.06.2024 01:14:32.288,7.80375,7.803510000000001,1300,980
24.06.2024 01:14:32.589,7.80375,7.803490000000001,1300,1080
24.06.2024 01:14:32.641,7.803750000000001,7.803389999999999,1000,1450
24.06.2024 01:14:32.692,7.803660000000001,7.80338,1300,1350
24.06.2024 01:14:32.843,7.80371,7.80336,2280,1850
24.06.2024 01:14:34.601,7.803710000000001,7.803430000000001,1300,1200
24.06.2024 01:14:38.815,7.803750000000001,7.803380000000001,1100,1480
24.06.2024 01:14:38.917,7.80373,7.803400000000001,1400,580
24.06.2024 01:14:39.018,7.80367,7.803300000000001,1000,1650
24.06.2024 01:14:39.119,7.803680000000001,7.803330000000001,1300,1650
24.06.2024 01:14:40.174,7.803700000000001,7.8033600000000005,400,1380
24.06.2024 01:14:41.378,7.803710000000001,7.803299999999999,700,1180
24.06.2024 01:14:41.529,7.80366,7.803299999999999,1880,1180
24.06.2024 01:14:41.781,7.803719999999999,7.803369999999999,700,1180
24.06.2024 01:14:41.882,7.80371,7.80338,2080,780
24.06.2024 01:14:42.686,7.80366,7.8032900000000005,1000,680
24.06.2024 01:14:44.090,7.803510000000001,7.80328,800,1280
24.06.2024 01:14:44.192,7.80351,7.8033,800,1480
24.06.2024 01:14:44.243,7.8036,7.8032900000000005,400,680
24.06.2024 01:14:45.399,7.80361,7.80332,1300,1480
24.06.2024 01:14:45.900,7.803660000000001,7.8033,700,1080
24.06.2024 01:14:58.637,7.80367,7.8032900000000005,900,1280
24.06.2024 01:15:03.155,7.803660000000001,7.803310000000001,600,780
24.06.2024 01:15:05.811,7.803630000000001,7.803310000000001,700,1200
24.06.2024 01:15:06.965,7.8036200000000004,7.80333,500,1180
24.06.2024 01:15:30.124,7.803680000000001,7.80327,1200,2380
24.06.2024 01:15:31.277,7.80367,7.80339,600,1580
24.06.2024 01:15:45.862,7.80368,7.80335,1000,1080
24.06.2024 01:15:47.115,7.8036900000000005,7.803260000000001,1000,1880
24.06.2024 01:15:49.320,7.80368,7.803350000000001,400,1380
24.06.2024 01:15:54.735,7.80363,7.803250000000001,600,900
24.06.2024 01:15:59.297,7.8036900000000005,7.80334,800,880
24.06.2024 01:16:05.959,7.8036900000000005,7.803300000000001,1100,1300
24.06.2024 01:16:27.157,7.80352,7.8032,1000,1100
24.06.2024 01:16:27.258,7.80355,7.803190000000001,600,2180
24.06.2024 01:16:27.715,7.803470000000001,7.803240000000001,1000,2080
24.06.2024 01:16:28.316,7.803530000000001,7.803260000000001,900,780
24.06.2024 01:16:31.176,7.8035000000000005,7.803350000000001,700,500
24.06.2024 01:16:36.941,7.80349,7.80335,1000,600
24.06.2024 01:16:46.120,7.80363,7.8033600000000005,1000,500
24.06.2024 01:16:46.171,7.8035499999999995,7.8032900000000005,1000,900
24.06.2024 01:16:46.222,7.80349,7.803260000000001,1000,1280
24.06.2024 01:16:46.374,7.803530000000001,7.803330000000001,700,680
24.06.2024 01:16:47.178,7.803510000000001,7.8032900000000005,900,1580
24.06.2024 01:16:50.235,7.8035,7.80327,1100,700
24.06.2024 01:16:55.349,7.80349,7.803330000000001,500,800
24.06.2024 01:16:56.705,7.803590000000001,7.803310000000001,600,1000
24.06.2024 01:17:03.318,7.80359,7.803310000000001,600,900
24.06.2024 01:17:11.515,7.803560000000001,7.80331,1000,1000
24.06.2024 01:17:11.567,7.803550000000001,7.80333,400,700
24.06.2024 01:17:16.533,7.803599999999999,7.80338,1000,1000
24.06.2024 01:17:50.396,7.803570000000001,7.803299999999999,600,500
24.06.2024 01:18:10.856,7.80354,7.803310000000001,500,400
24.06.2024 01:18:14.064,7.80349,7.803320000000001,900,1200
24.06.2024 01:18:14.115,7.803500000000001,7.803330000000001,1300,1750
24.06.2024 01:18:15.620,7.803540000000001,7.803230000000001,1300,950
24.06.2024 01:18:18.295,7.803470000000001,7.803310000000001,700,850
24.06.2024 01:18:23.003,7.803480000000001,7.803330000000001,1200,1550
24.06.2024 01:18:23.304,7.80346,7.8032,1100,1570
24.06.2024 01:18:23.356,7.80342,7.80325,600,1280
24.06.2024 01:18:24.410,7.80346,7.80319,900,1280
24.06.2024 01:18:26.727,7.8034300000000005,7.8031500000000005,600,780
24.06.2024 01:18:26.878,7.80341,7.8032,400,1780
24.06.2024 01:18:28.634,7.803450000000001,7.803180000000001,400,1650
24.06.2024 01:18:31.642,7.8035000000000005,7.80318,1300,780
24.06.2024 01:18:36.902,7.8035000000000005,7.803210000000001,700,980
24.06.2024 01:18:42.393,7.80336,7.803200000000001,600,680
24.06.2024 01:18:42.495,7.80339,7.80312,500,1080
24.06.2024 01:18:42.596,7.80338,7.80312,500,880
24.06.2024 01:18:43.755,7.80333,7.80313,1300,680
24.06.2024 01:18:43.807,7.80338,7.80316,800,1380
24.06.2024 01:18:45.817,7.80331,7.80313,600,880
24.06.2024 01:18:47.071,7.80334,7.80307,1200,1080
24.06.2024 01:18:48.423,7.803230000000001,7.8030800000000005,1200,680
24.06.2024 01:18:48.474,7.803190000000001,7.80298,900,2630.0001
24.06.2024 01:18:48.576,7.80325,7.80306,600,580
24.06.2024 01:18:49.981,7.8032200000000005,7.80295,1100,1250
24.06.2024 01:18:50.983,7.803170000000001,7.80299,500,1650
24.06.2024 01:18:52.038,7.803130000000001,7.80293,1200,1580
24.06.2024 01:18:53.542,7.803150000000001,7.802910000000001,700,780
24.06.2024 01:18:55.547,7.80313,7.802910000000001,800,1380
24.06.2024 01:18:56.903,7.8031500000000005,7.80291,900,1780
24.06.2024 01:18:57.154,7.80323,7.802950000000001,500,800
24.06.2024 01:18:57.306,7.80321,7.803019999999999,1400,1300
24.06.2024 01:18:57.559,7.80325,7.80304,900,1100
24.06.2024 01:18:58.062,7.80324,7.80304,800,500
24.06.2024 01:19:01.372,7.803230000000001,7.80304,500,1380
24.06.2024 01:19:01.474,7.803240000000001,7.80299,600,2280
24.06.2024 01:19:04.135,7.80333,7.80309,1000,1200
24.06.2024 01:19:11.762,7.80334,7.80307,1100,800
24.06.2024 01:19:17.176,7.80328,7.803070000000001,700,600
24.06.2024 01:19:40.510,7.803310000000001,7.80309,900,800
24.06.2024 01:19:42.319,7.803240000000001,7.80303,700,700
24.06.2024 01:19:45.127,7.803280000000001,7.803120000000001,600,1000
24.06.2024 01:19:45.229,7.80334,7.80314,700,700
24.06.2024 01:19:55.699,7.803320000000001,7.8031500000000005,1200,700
24.06.2024 01:20:06.121,7.8033,7.80316,1100,1300
24.06.2024 01:20:12.293,7.8033600000000005,7.8031299999999995,700,400
24.06.2024 01:20:12.394,7.803300000000001,7.80309,1200,400
24.06.2024 01:20:18.360,7.80329,7.803090000000001,800,400
24.06.2024 01:20:18.462,7.803260000000001,7.803030000000001,1000,500
24.06.2024 01:20:21.824,7.80328,7.803140000000001,500,1400
24.06.2024 01:20:51.824,7.80333,7.8031,1000,1100
24.06.2024 01:20:56.834,7.80325,7.803090000000001,800,900
24.06.2024 01:21:08.458,7.80323,7.80306,1100,700
24.06.2024 01:21:23.646,7.80326,7.80306,500,1100
24.06.2024 01:21:53.669,7.803319999999999,7.80314,1200,900
24.06.2024 01:21:58.683,7.80328,7.803050000000002,500,900
24.06.2024 01:21:58.734,7.80333,7.80309,1100,800
24.06.2024 01:22:20.511,7.803260000000001,7.80309,1000,1100
24.06.2024 01:22:24.523,7.80328,7.80311,900,800
24.06.2024 01:22:28.732,7.803330000000001,7.80311,900,600
24.06.2024 01:22:30.535,7.803249999999999,7.80307,1100,1100
24.06.2024 01:23:00.515,7.80323,7.80304,600,1000
24.06.2024 01:23:01.167,7.80327,7.803060000000001,400,1100
24.06.2024 01:23:31.452,7.80333,7.8031,500,1100
24.06.2024 01:23:38.469,7.8034,7.80311,1100,800
24.06.2024 01:23:48.792,7.803420000000001,7.8031500000000005,1200,1000
24.06.2024 01:23:49.846,7.8033399999999995,7.80316,1600,1100
24.06.2024 01:23:50.849,7.80337,7.803140000000001,1380,1300
24.06.2024 01:23:51.902,7.80337,7.803190000000001,1500,1100
24.06.2024 01:23:55.961,7.803370000000001,7.80316,700,1400
24.06.2024 01:24:04.081,7.803350000000001,7.80316,1180,1200
24.06.2024 01:24:10.293,7.80341,7.803170000000001,1470,1200
24.06.2024 01:24:11.397,7.803400000000001,7.80313,1380,900
24.06.2024 01:24:18.816,7.80335,7.8032,1280,1100
24.06.2024 01:24:19.920,7.80339,7.8032,1280,600
24.06.2024 01:24:22.579,7.80338,7.80318,1480,1200
24.06.2024 01:24:41.927,7.803420000000001,7.80316,1640.0001,900
24.06.2024 01:24:46.637,7.80333,7.803140000000001,1380,1000
24.06.2024 01:24:55.306,7.803400000000001,7.803190000000001,780,900
24.06.2024 01:25:20.900,7.803330000000001,7.803190000000001,1870,1200
24.06.2024 01:25:30.526,7.803319999999999,7.803190000000001,2700,700
24.06.2024 01:25:36.811,7.8033600000000005,7.803170000000001,1840.0001,1100
24.06.2024 01:25:51.294,7.80334,7.80312,1670,600
24.06.2024 01:26:01.468,7.803350000000001,7.80315,1380,400
24.06.2024 01:26:03.222,7.80338,7.80316,1150,1000
24.06.2024 01:26:09.667,7.80336,7.803070000000001,1450,1400
24.06.2024 01:26:09.920,7.80332,7.8031,1650,900
24.06.2024 01:26:13.079,7.8033600000000005,7.80311,980,500
24.06.2024 01:26:18.090,7.80335,7.80313,1050,1300
24.06.2024 01:26:30.267,7.803380000000001,7.80316,1450,1300
24.06.2024 01:26:31.571,7.80341,7.80311,580,600
24.06.2024 01:26:45.425,7.803310000000001,7.80316,1550,1100
24.06.2024 01:26:49.133,7.80336,7.80317,1250,700
24.06.2024 01:26:53.793,7.803380000000001,7.80315,1450,800
24.06.2024 01:26:55.950,7.80332,7.80314,1450,1000
24.06.2024 01:27:03.916,7.8034,7.80318,1550,1300
24.06.2024 01:27:11.836,7.80332,7.80317,1280,700
24.06.2024 01:27:17.169,7.80338,7.80315,780,1300
24.06.2024 01:27:22.984,7.80337,7.80316,980,1400
24.06.2024 01:27:26.996,7.803369999999999,7.80309,950,1300
24.06.2024 01:27:29.201,7.80334,7.80318,1580,600
24.06.2024 01:27:42.731,7.80337,7.80313,1550,1000
24.06.2024 01:27:47.192,7.80334,7.80313,950,1200
24.06.2024 01:27:50.300,7.803380000000001,7.80317,1750,500
24.06.2024 01:27:59.551,7.80339,7.80317,1350,1100
24.06.2024 01:28:05.613,7.80341,7.80316,1180,1300
24.06.2024 01:28:14.033,7.803400000000001,7.80314,1250,1100
24.06.2024 01:28:32.234,7.80337,7.80313,1180,700
24.06.2024 01:28:37.896,7.803380000000001,7.80317,1080,600
24.06.2024 01:28:51.276,7.803370000000001,7.80312,880,1200
24.06.2024 01:28:53.580,7.8034,7.8031,1080,600
24.06.2024 01:29:00.143,7.8033600000000005,7.80312,680,600
24.06.2024 01:29:12.071,7.80341,7.80311,1180,1200
24.06.2024 01:29:21.144,7.80334,7.80314,1080,1100
24.06.2024 01:29:30.569,7.803310000000001,7.80318,780,900
24.06.2024 01:29:35.428,7.80339,7.80313,1380,1100
24.06.2024 01:29:55.159,7.8033600000000005,7.80316,1480,1100
24.06.2024 01:30:00.074,7.80341,7.80309,980,500
24.06.2024 01:30:03.131,7.8033600000000005,7.80311,1080,800
24.06.2024 01:30:05.336,7.80338,7.8031,1080,1200
24.06.2024 01:30:31.003,7.80339,7.8031500000000005,680,500
24.06.2024 01:30:31.155,7.80337,7.803140000000001,1180,800
24.06.2024 01:30:32.507,7.803420000000001,7.803180000000001,1769.9998999999998,1000
24.06.2024 01:30:59.070,7.803360000000001,7.80319,1380,1400
24.06.2024 01:30:59.321,7.80339,7.80318,800,1100
24.06.2024 01:31:05.236,7.80342,7.80318,950,1000
24.06.2024 01:31:10.166,7.803440000000001,7.8032200000000005,2280,500
24.06.2024 01:31:12.371,7.803450000000001,7.80318,980,800
24.06.2024 01:31:17.429,7.80341,7.80323,1250,800
24.06.2024 01:31:36.122,7.803470000000001,7.8032200000000005,680,900
24.06.2024 01:31:55.090,7.80342,7.803240000000001,1080,1100
24.06.2024 01:32:07.117,7.80341,7.80318,2280,400
24.06.2024 01:32:13.416,7.80341,7.80321,1380,1200
24.06.2024 01:32:23.240,7.8034300000000005,7.80316,1380,500
24.06.2024 01:32:37.975,7.80348,7.803190000000001,900,700
24.06.2024 01:32:54.178,7.803450000000001,7.80315,1200,1300
24.06.2024 01:32:58.240,7.80342,7.8031999999999995,980,700
24.06.2024 01:33:03.601,7.80344,7.80314,1780,1200
24.06.2024 01:33:04.356,7.80346,7.803170000000001,2480,1000
24.06.2024 01:33:11.270,7.803460000000001,7.803160000000001,1350,800
24.06.2024 01:33:15.199,7.803370000000001,7.803170000000001,1180,700
24.06.2024 01:33:24.772,7.80339,7.803130000000001,1880,1300
24.06.2024 01:33:24.823,7.8034300000000005,7.80316,1380,1100
24.06.2024 01:33:33.940,7.80346,7.80318,1880,400
24.06.2024 01:33:38.800,7.80339,7.80316,1380,1300
24.06.2024 01:33:52.139,7.80339,7.803160000000001,1280,1300
24.06.2024 01:33:52.291,7.80348,7.8032200000000005,1580,800
24.06.2024 01:33:52.493,7.80347,7.803310000000001,850,1100
24.06.2024 01:33:58.014,7.80344,7.803230000000001,1080,1300
24.06.2024 01:34:02.624,7.80347,7.8032200000000005,1250,500
24.06.2024 01:34:04.183,7.80348,7.803240000000001,1630,700
24.06.2024 01:34:05.342,7.80346,7.803240000000001,1750,1100
24.06.2024 01:34:06.351,7.80344,7.80323,1230,1100
24.06.2024 01:34:07.409,7.803450000000001,7.8032200000000005,1280,1100
24.06.2024 01:34:08.666,7.8035,7.80323,1830,500
24.06.2024 01:34:13.982,7.80348,7.803260000000001,1480,1100
24.06.2024 01:34:15.337,7.803520000000001,7.80328,1180,1100
24.06.2024 01:34:16.242,7.8035,7.80331,1100,700
24.06.2024 01:34:18.699,7.80357,7.80335,780,1200
24.06.2024 01:34:18.800,7.80353,7.8033399999999995,1080,1300
24.06.2024 01:34:19.253,7.80359,7.80331,800,1300
24.06.2024 01:34:22.049,7.80354,7.80328,500,1100
24.06.2024 01:34:24.457,7.80353,7.80328,1380,900
24.06.2024 01:34:26.965,7.803520000000001,7.803310000000001,1350,500
24.06.2024 01:34:32.077,7.803550000000001,7.803330000000001,1750,1100
24.06.2024 01:35:06.751,7.803550000000001,7.80338,1450,500
24.06.2024 01:35:06.853,7.803630000000001,7.80338,1050,1100
24.06.2024 01:35:08.309,7.80359,7.80344,1350,1100
24.06.2024 01:35:10.768,7.80363,7.803450000000001,1750,700
24.06.2024 01:35:12.724,7.8036900000000005,7.803470000000001,1080,500
24.06.2024 01:35:19.490,7.803640000000001,7.80351,1750,1000
24.06.2024 01:35:19.641,7.80365,7.80348,1050,900
24.06.2024 01:35:19.793,7.803720000000001,7.803440000000001,800,1000
24.06.2024 01:35:27.112,7.80366,7.80345,900,800
24.06.2024 01:35:27.163,7.803650000000001,7.80334,600,400
24.06.2024 01:35:27.214,7.803570000000001,7.8033600000000005,600,800
24.06.2024 01:35:28.571,7.8035499999999995,7.80327,1000,600
24.06.2024 01:35:36.997,7.80356,7.803369999999999,800,800
24.06.2024 01:35:37.048,7.803570000000001,7.803400000000001,1580,1400
24.06.2024 01:35:44.065,7.803520000000001,7.803310000000001,1300,800
24.06.2024 01:35:53.584,7.80353,7.803310000000001,1400,1100
24.06.2024 01:35:53.635,7.80356,7.80337,400,1400
24.06.2024 01:35:55.088,7.803620000000001,7.80331,1480,1400
24.06.2024 01:36:21.277,7.803599999999999,7.8033600000000005,900,1100
24.06.2024 01:36:51.823,7.803580000000001,7.803310000000001,880,900
24.06.2024 01:36:54.078,7.80356,7.803300000000001,1100,1400
24.06.2024 01:37:18.142,7.803530000000001,7.803380000000001,780,800
24.06.2024 01:37:20.398,7.803530000000001,7.803310000000001,1580,1300
24.06.2024 01:37:42.201,7.803529999999999,7.80323,800,1200
24.06.2024 01:37:42.252,7.8035000000000005,7.803210000000001,1100,800
24.06.2024 01:37:59.143,7.803460000000001,7.803210000000001,1200,800
24.06.2024 01:38:15.833,7.80343,7.803249999999999,1180,500
24.06.2024 01:38:17.339,7.803470000000001,7.80329,1100,700
24.06.2024 01:38:22.517,7.803490000000001,7.80325,1550,1100
24.06.2024 01:38:23.073,7.80354,7.80333,1200,1400
24.06.2024 01:38:36.952,7.80356,7.803299999999999,400,1200
24.06.2024 01:40:11.277,7.80358,7.8033,700,1100
24.06.2024 01:40:22.179,7.80357,7.80331,1200,1200
24.06.2024 01:40:27.689,7.80347,7.8032200000000005,900,900
24.06.2024 01:40:27.791,7.80346,7.80322,600,1100
24.06.2024 01:40:27.942,7.80345,7.8032200000000005,1380,700
24.06.2024 01:40:27.993,7.803520000000001,7.80324,1100,1300
24.06.2024 01:40:38.071,7.80354,7.80332,700,1300
24.06.2024 01:41:11.270,7.80353,7.80333,1200,900
24.06.2024 01:41:24.014,7.8035000000000005,7.803310000000001,1000,500
24.06.2024 01:41:35.541,7.8035,7.803300000000001,1200,500
24.06.2024 01:41:48.070,7.803470000000001,7.803330000000001,1200,600
24.06.2024 01:41:49.975,7.80349,7.803300000000001,1300,600
24.06.2024 01:41:56.840,7.80351,7.80327,1580,500
24.06.2024 01:41:58.494,7.80349,7.80333,880,500
24.06.2024 01:42:30.520,7.80351,7.80334,680,1300
24.06.2024 01:42:31.738,7.80355,7.803330000000001,800,900
24.06.2024 01:42:41.261,7.80353,7.80334,1200,1200
24.06.2024 01:42:43.118,7.803470000000001,7.8032699999999995,600,1200
24.06.2024 01:42:58.050,7.80347,7.803330000000001,1300,500
24.06.2024 01:43:13.446,7.80352,7.8032900000000005,1000,600
24.06.2024 01:43:34.348,7.803520000000001,7.80333,600,900
24.06.2024 01:43:34.399,7.80357,7.803280000000001,900,600
24.06.2024 01:44:53.642,7.803570000000001,7.80332,1200,500
24.06.2024 01:45:09.497,7.80352,7.803299999999999,950,1300
24.06.2024 01:45:09.598,7.803599999999999,7.803330000000001,2050,500
24.06.2024 01:45:10.352,7.80358,7.803320000000001,700,1000
24.06.2024 01:45:10.754,7.803650000000001,7.80336,1880,900
24.06.2024 01:45:16.264,7.803600000000001,7.80338,1580,600
24.06.2024 01:45:22.079,7.803610000000001,7.803410000000001,680,1000
24.06.2024 01:45:22.130,7.803660000000001,7.803430000000001,700,500
24.06.2024 01:45:23.740,7.803660000000001,7.80345,780,800
24.06.2024 01:45:24.996,7.80368,7.80343,2280,900
24.06.2024 01:45:26.750,7.8036900000000005,7.80349,1180,600
24.06.2024 01:45:27.303,7.803660000000001,7.80344,1150,800
24.06.2024 01:45:31.219,7.80368,7.80344,680,1100
24.06.2024 01:45:34.025,7.803630000000001,7.80348,1150,500
24.06.2024 01:45:47.917,7.803650000000001,7.803420000000001,1150,1100
24.06.2024 01:45:48.069,7.803680000000001,7.80353,950,1000
24.06.2024 01:45:49.224,7.803750000000001,7.803540000000001,1150,1100
24.06.2024 01:46:02.905,7.80371,7.80346,1580,1400
24.06.2024 01:46:04.609,7.803750000000001,7.80351,980,1300
24.06.2024 01:46:05.111,7.80368,7.803450000000001,500,500
24.06.2024 01:46:05.312,7.803710000000001,7.80352,880,1400
24.06.2024 01:46:05.615,7.803710000000001,7.80351,1180,1100
24.06.2024 01:46:10.697,7.80371,7.8035,1050,800
24.06.2024 01:46:18.068,7.803770000000001,7.80344,1280,800
24.06.2024 01:46:20.725,7.8037399999999995,7.80353,780,800
24.06.2024 01:46:26.743,7.80374,7.80348,1080,900
24.06.2024 01:46:29.801,7.803730000000002,7.80353,2180,900
24.06.2024 01:46:31.261,7.80371,7.8035,780,1200
24.06.2024 01:46:43.137,7.80372,7.8035000000000005,880,1000
24.06.2024 01:46:48.984,7.803740000000001,7.80346,600,1000
24.06.2024 01:49:17.007,7.803699999999999,7.80346,1550,600
24.06.2024 01:49:21.169,7.803730000000001,7.8035000000000005,1280,900
24.06.2024 01:49:28.236,7.8037800000000015,7.80355,1100,700
24.06.2024 01:49:31.495,7.80372,7.803350000000001,1650,1050
24.06.2024 01:49:35.529,7.80379,7.8033600000000005,1650,1150
24.06.2024 01:49:41.546,7.803820000000001,7.80334,1750,1470
24.06.2024 01:49:42.548,7.803800000000001,7.8034,1080,1280
24.06.2024 01:49:43.550,7.80378,7.803470000000001,500,1200
24.06.2024 01:49:50.068,7.803800000000001,7.803490000000001,800,1100
24.06.2024 01:49:51.171,7.80379,7.803470000000001,680,500
24.06.2024 01:49:57.436,7.803820000000001,7.803470000000001,1380,900
24.06.2024 01:50:04.002,7.80374,7.80346,1080,500
24.06.2024 01:50:14.525,7.80376,7.80348,1380,700
24.06.2024 01:50:33.260,7.803800000000002,7.80346,780,1200
24.06.2024 01:50:34.513,7.80378,7.80348,580,1300
24.06.2024 01:50:40.779,7.803730000000002,7.80351,1080,500
24.06.2024 01:50:51.210,7.80379,7.803490000000001,1480,900
24.06.2024 01:50:56.070,7.803720000000001,7.803520000000001,1280,1400
24.06.2024 01:50:57.127,7.8038,7.803540000000001,1280,700
24.06.2024 01:51:03.077,7.80373,7.803520000000001,780,1200
24.06.2024 01:51:06.686,7.803770000000001,7.80353,1380,1200
24.06.2024 01:51:11.299,7.803840000000001,7.803470000000001,1000,1100
24.06.2024 01:51:21.615,7.803780000000001,7.8035000000000005,580,1300
24.06.2024 01:51:23.144,7.80382,7.80348,1250,800
24.06.2024 01:51:26.705,7.803810000000001,7.803450000000001,580,1000
24.06.2024 01:51:27.809,7.80375,7.80353,1380,1300
24.06.2024 01:51:36.981,7.80375,7.80346,680,1100
24.06.2024 01:51:40.591,7.803760000000001,7.8035000000000005,1380,1100
24.06.2024 01:51:47.908,7.80375,7.80351,1480,900
24.06.2024 01:51:58.182,7.803710000000001,7.80346,1180,1300
24.06.2024 01:52:02.492,7.80373,7.80351,1550,1200
24.06.2024 01:52:04.880,7.80372,7.80349,1250,400
24.06.2024 01:52:04.932,7.80378,7.80344,1280,500
24.06.2024 01:52:07.089,7.80378,7.80347,1580,1100
24.06.2024 01:52:14.908,7.803650000000001,7.8033600000000005,900,800
24.06.2024 01:52:49.928,7.80365,7.80342,1000,900
24.06.2024 01:53:00.556,7.8036200000000004,7.80342,1300,600
24.06.2024 01:53:31.291,7.803660000000001,7.80344,1300,500
24.06.2024 01:54:01.261,7.803669999999999,7.80349,1000,700
24.06.2024 01:54:42.124,7.8037600000000005,7.80353,1180,1400
24.06.2024 01:54:43.178,7.80372,7.803490000000001,1350,1200
24.06.2024 01:55:00.574,7.80369,7.80348,1180,1200
24.06.2024 01:55:02.277,7.80372,7.80353,950,1300
24.06.2024 01:55:26.648,7.803800000000002,7.80351,1480,1300
24.06.2024 01:55:27.902,7.80377,7.803540000000001,850,600
24.06.2024 01:55:31.114,7.803800000000002,7.803490000000001,1950,700
24.06.2024 01:55:35.374,7.80379,7.80348,1550,600
24.06.2024 01:55:37.231,7.803730000000001,7.80353,850,1200
24.06.2024 01:55:39.236,7.803800000000002,7.80346,1200,1100
24.06.2024 01:55:44.548,7.8037399999999995,7.803470000000001,1650,1200
24.06.2024 01:55:50.566,7.80369,7.80348,1380,700
24.06.2024 01:55:50.668,7.803700000000001,7.803450000000001,1100,1200
24.06.2024 01:55:50.870,7.8037399999999995,7.803540000000001,1080,1000
24.06.2024 01:55:56.134,7.803790000000001,7.803540000000001,1200,500
24.06.2024 01:56:11.154,7.80379,7.803520000000001,580,900
24.06.2024 01:56:12.256,7.803720000000001,7.80353,1400,500
24.06.2024 01:56:46.859,7.80374,7.8035000000000005,1350,800
24.06.2024 01:56:51.724,7.80376,7.803540000000001,780,900
24.06.2024 01:56:53.128,7.8036900000000005,7.803520000000001,1280,1100
24.06.2024 01:57:17.433,7.803760000000001,7.803540000000001,1780,500
24.06.2024 01:57:22.795,7.80378,7.803450000000001,1850,700
24.06.2024 01:57:23.924,7.8037600000000005,7.803490000000001,1750,600
24.06.2024 01:57:28.637,7.803750000000001,7.80355,680,900
24.06.2024 01:57:31.741,7.803770000000001,7.803520000000001,1180,1200
24.06.2024 01:57:31.792,7.803770000000001,7.803590000000001,1000,700
24.06.2024 01:57:42.167,7.803860000000001,7.8035000000000005,1950,1300
24.06.2024 01:58:32.569,7.80374,7.803510000000001,1000,1300
24.06.2024 01:58:35.124,7.803710000000001,7.80357,400,700
24.06.2024 01:58:42.799,7.80381,7.80356,1000,400
24.06.2024 01:58:54.375,7.803680000000001,7.80354,1100,600
24.06.2024 01:58:58.987,7.80366,7.80346,1000,1380
24.06.2024 01:58:59.089,7.80373,7.80349,800,1100
24.06.2024 01:59:31.265,7.803710000000001,7.803520000000001,500,1100
24.06.2024 01:59:41.290,7.803750000000001,7.80346,800,1100
24.06.2024 01:59:45.950,7.8037399999999995,7.8035000000000005,1100,1000
24.06.2024 02:00:03.154,7.803710000000001,7.803490000000001,600,1400
24.06.2024 02:00:12.322,7.803820000000001,7.8036,1750,1300
24.06.2024 02:00:12.423,7.803790000000001,7.803520000000001,1350,1200
24.06.2024 02:00:35.456,7.80377,7.803540000000001,980,900
24.06.2024 02:00:36.909,7.803820000000001,7.80353,780,500
24.06.2024 02:00:41.521,7.803760000000001,7.803570000000001,2280,1400
24.06.2024 02:00:50.143,7.80376,7.80358,500,900
24.06.2024 02:00:58.614,7.80381,7.80358,1850,600
24.06.2024 02:00:58.967,7.80387,7.8036,1200,1100
24.06.2024 02:00:59.118,7.80379,7.803660000000001,900,700
24.06.2024 02:00:59.169,7.803830000000001,7.803570000000001,1100,600
24.06.2024 02:01:02.531,7.803820000000001,7.803650000000001,500,600
24.06.2024 02:01:04.357,7.803840000000001,7.803600000000001,700,1300
24.06.2024 02:01:04.709,7.803800000000001,7.803600000000001,1300,1000
24.06.2024 02:01:25.459,7.8038300000000005,7.803599999999999,600,900
24.06.2024 02:01:35.232,7.8038,7.8036,600,500
24.06.2024 02:01:59.622,7.8038,7.80364,600,1100
24.06.2024 02:02:09.591,7.803800000000001,7.803630000000001,1000,800
24.06.2024 02:02:15.505,7.80382,7.8036,700,1200
24.06.2024 02:02:50.543,7.80384,7.803650000000001,600,1000
24.06.2024 02:03:00.549,7.80387,7.803610000000001,700,500
24.06.2024 02:03:21.499,7.80387,7.803649999999999,700,1000
24.06.2024 02:03:23.454,7.803890000000001,7.8037,1100,1000
24.06.2024 02:03:31.292,7.80389,7.803640000000001,2050,700
24.06.2024 02:03:38.266,7.803870000000001,7.80363,800,900
24.06.2024 02:04:49.621,7.80384,7.80375,1750,900
24.06.2024 02:04:49.875,7.80386,7.80368,1200,900
24.06.2024 02:04:54.285,7.803920000000001,7.803710000000001,900,1200
24.06.2024 02:04:54.437,7.80395,7.8037,1400,1300
24.06.2024 02:04:54.538,7.804,7.80381,1880,500
24.06.2024 02:05:01.357,7.803980000000001,7.803770000000001,1300,1100
24.06.2024 02:05:02.109,7.8039000000000005,7.803680000000001,1300,1100
24.06.2024 02:05:02.160,7.803870000000001,7.803730000000001,500,700
24.06.2024 02:05:03.513,7.80393,7.80373,1100,1400
24.06.2024 02:05:08.028,7.80384,7.803670000000001,900,400
24.06.2024 02:05:21.456,7.80389,7.803650000000001,1200,1000
24.06.2024 02:05:41.985,7.80384,7.803700000000001,400,1100
24.06.2024 02:05:59.682,7.80388,7.803719999999999,500,1100
24.06.2024 02:06:48.814,7.80393,7.80378,500,1200
24.06.2024 02:06:48.916,7.80393,7.803700000000001,1300,1300
24.06.2024 02:06:52.975,7.80398,7.8037600000000005,500,500
24.06.2024 02:06:53.127,7.804,7.80378,700,400
24.06.2024 02:06:58.495,7.80394,7.80374,1300,1400
24.06.2024 02:06:58.547,7.80392,7.80372,900,1000
24.06.2024 02:06:58.598,7.803880000000001,7.80366,1400,1300
24.06.2024 02:07:01.360,7.80396,7.80367,800,1000
24.06.2024 02:07:18.450,7.80388,7.803750000000001,700,1200
24.06.2024 02:07:27.119,7.803990000000001,7.8038,500,600
24.06.2024 02:07:33.235,7.8039700000000005,7.80381,1200,1300
24.06.2024 02:07:37.279,7.803940000000001,7.80374,1200,1000
24.06.2024 02:07:55.278,7.803990000000001,7.803730000000002,600,500
24.06.2024 02:08:10.521,7.803940000000001,7.80374,1300,500
24.06.2024 02:08:20.528,7.80395,7.8037399999999995,500,1100
24.06.2024 02:08:30.556,7.803940000000001,7.803770000000001,900,1000
24.06.2024 02:08:32.663,7.80393,7.8037600000000005,1100,500
24.06.2024 02:08:39.247,7.80389,7.803700000000001,500,1570
24.06.2024 02:08:39.298,7.80396,7.80373,600,1300
24.06.2024 02:09:06.816,7.80393,7.803710000000001,900,1200
24.06.2024 02:09:16.537,7.80392,7.80372,700,700
24.06.2024 02:09:16.588,7.803960000000001,7.803750000000001,900,500
24.06.2024 02:09:22.100,7.80398,7.8037600000000005,1200,800
24.06.2024 02:09:32.379,7.80396,7.80367,1000,900
24.06.2024 02:10:00.583,7.80396,7.80374,1200,600
24.06.2024 02:10:10.760,7.804,7.8036900000000005,700,500
24.06.2024 02:11:22.994,7.803960000000001,7.803790000000001,900,700
24.06.2024 02:11:53.001,7.80395,7.80371,800,600
24.06.2024 02:11:59.718,7.804060000000001,7.80379,1650,1200
24.06.2024 02:12:10.598,7.804010000000001,7.8036900000000005,600,1200
24.06.2024 02:12:33.075,7.803920000000001,7.803769999999999,700,800
24.06.2024 02:13:53.406,7.80402,7.8038,900,800
24.06.2024 02:13:54.109,7.803940000000001,7.80373,1300,800
24.06.2024 02:13:59.120,7.80404,7.80379,1100,700
24.06.2024 02:14:19.789,7.804000000000001,7.8037800000000015,1100,600
24.06.2024 02:14:37.177,7.80396,7.80381,600,1300
24.06.2024 02:14:40.836,7.8039499999999995,7.80378,1400,1400
24.06.2024 02:14:44.245,7.80402,7.80377,700,700
24.06.2024 02:14:54.433,7.80401,7.803750000000001,1200,600
24.06.2024 02:15:00.852,7.80403,7.80386,800,1400
24.06.2024 02:15:02.204,7.80403,7.803800000000001,1200,800
24.06.2024 02:15:02.306,7.804070000000001,7.803780000000001,1300,1200
24.06.2024 02:15:02.709,7.8040400000000005,7.803820000000001,600,700
24.06.2024 02:15:02.811,7.803990000000001,7.803850000000001,1200,700
24.06.2024 02:15:07.222,7.80407,7.80383,700,600
24.06.2024 02:15:07.774,7.803990000000001,7.8038300000000005,700,600
24.06.2024 02:15:12.584,7.8040400000000005,7.8037600000000005,600,900
24.06.2024 02:15:22.859,7.803990000000001,7.80382,1000,1100
24.06.2024 02:16:16.466,7.80397,7.8038,1100,700
24.06.2024 02:16:26.472,7.80391,7.80369,1300,600
24.06.2024 02:21:46.667,7.80403,7.80377,1300,1000
24.06.2024 02:21:47.623,7.804,7.803790000000001,1000,900
24.06.2024 02:21:48.127,7.8040899999999995,7.80385,900,500
24.06.2024 02:21:51.688,7.804080000000001,7.80391,600,600
24.06.2024 02:21:51.840,7.80408,7.803850000000001,500,500
24.06.2024 02:21:51.891,7.80408,7.803890000000001,900,600
24.06.2024 02:21:54.900,7.804160000000001,7.803920000000001,1180,1400
24.06.2024 02:21:54.951,7.804180000000001,7.8039700000000005,1200,500
24.06.2024 02:21:55.053,7.80422,7.80395,800,1300
24.06.2024 02:22:05.132,7.804190000000001,7.803930000000001,400,1100
24.06.2024 02:22:17.328,7.8041800000000014,7.803990000000001,600,1290
24.06.2024 02:22:32.765,7.804230000000001,7.803980000000001,700,1280
24.06.2024 02:22:35.321,7.804180000000001,7.8039499999999995,1000,1200
24.06.2024 02:22:35.472,7.80421,7.80395,900,2199.9999
24.06.2024 02:22:35.523,7.804240000000001,7.804,1300,1869.9998999999998
24.06.2024 02:22:36.576,7.80421,7.803990000000001,700,1480
24.06.2024 02:22:37.928,7.804190000000001,7.803980000000001,1100,1400
24.06.2024 02:22:39.235,7.80416,7.8039700000000005,600,1200
24.06.2024 02:22:44.594,7.804150000000002,7.803920000000001,1400,1670
24.06.2024 02:22:44.797,7.804130000000002,7.80397,1400,1100
24.06.2024 02:22:45.801,7.80416,7.80389,700,990
24.06.2024 02:22:45.852,7.80412,7.803870000000001,1200,1650
24.06.2024 02:22:45.953,7.804010000000001,7.8037800000000015,1400,1450
24.06.2024 02:22:46.004,7.804060000000001,7.803840000000001,800,1250
24.06.2024 02:22:46.155,7.803970000000001,7.803770000000001,1400,1050
24.06.2024 02:22:46.357,7.804020000000001,7.803810000000001,1400,1750
24.06.2024 02:22:46.408,7.80409,7.803860000000001,1300,1100
24.06.2024 02:22:48.386,7.80397,7.80382,700,900
24.06.2024 02:22:51.847,7.803980000000001,7.803720000000001,800,1400
24.06.2024 02:22:52.100,7.804020000000001,7.803750000000001,900,400
24.06.2024 02:22:52.905,7.803960000000001,7.8037600000000005,1100,1400
24.06.2024 02:22:53.056,7.80406,7.80386,1000,500
24.06.2024 02:22:53.158,7.80407,7.803900000000001,580,1100
24.06.2024 02:22:54.462,7.80402,7.803900000000001,400,700
24.06.2024 02:22:56.266,7.804020000000001,7.80384,600,600
24.06.2024 02:22:56.367,7.80402,7.8037600000000005,700,1400
24.06.2024 02:22:56.820,7.80403,7.8038,1280,1100
24.06.2024 02:22:58.174,7.80408,7.8038,1980,1000
24.06.2024 02:23:01.931,7.8040400000000005,7.8038300000000005,980,500
24.06.2024 02:23:03.387,7.80406,7.80381,1480,1200
24.06.2024 02:23:06.848,7.80399,7.803780000000001,1180,1400
24.06.2024 02:23:08.151,7.80399,7.80379,680,900
24.06.2024 02:23:08.253,7.80409,7.80386,780,900
24.06.2024 02:23:09.406,7.80407,7.803840000000001,780,600
24.06.2024 02:23:11.512,7.8041100000000005,7.80391,980,900
24.06.2024 02:23:11.763,7.80408,7.80387,880,1400
24.06.2024 02:23:14.272,7.80409,7.80387,1080,500
24.06.2024 02:23:14.925,7.80408,7.803830000000001,1180,400
24.06.2024 02:23:14.976,7.80409,7.80382,2280,1400
24.06.2024 02:23:15.178,7.80407,7.8039,1080,600
24.06.2024 02:23:15.279,7.80408,7.80387,980,400
24.06.2024 02:23:15.330,7.80413,7.80392,1180,500
24.06.2024 02:23:16.937,7.80407,7.803870000000001,600,1100
24.06.2024 02:23:21.399,7.80409,7.803850000000001,1200,1100
24.06.2024 02:23:32.930,7.80409,7.803910000000001,1390,1300
24.06.2024 02:23:37.293,7.8041100000000005,7.803920000000001,1020,700
24.06.2024 02:23:43.157,7.80413,7.80394,1020,600
24.06.2024 02:23:45.114,7.804100000000001,7.803920000000001,1220,700
24.06.2024 02:23:49.172,7.804080000000001,7.803860000000001,1520,1400
24.06.2024 02:23:55.737,7.80411,7.80385,920,600
24.06.2024 02:24:02.403,7.804060000000001,7.80391,1120,1100
24.06.2024 02:24:02.905,7.80407,7.803900000000001,590,1300
24.06.2024 02:24:06.112,7.804070000000001,7.803820000000001,1100,1300
24.06.2024 02:24:06.213,7.804050000000001,7.803860000000001,920,1000
24.06.2024 02:24:07.015,7.80398,7.8038300000000005,790,900
24.06.2024 02:24:18.926,7.80403,7.803780000000001,1200,1400
24.06.2024 02:24:23.691,7.80407,7.80388,1120,1100
24.06.2024 02:24:36.371,7.804060000000001,7.80381,520,1000
24.06.2024 02:24:36.422,7.8040400000000005,7.80386,1200,1100
24.06.2024 02:24:36.573,7.8041100000000005,7.803870000000001,1220,600
24.06.2024 02:24:36.675,7.80403,7.8038300000000005,1290,1200
24.06.2024 02:24:36.777,7.80408,7.803890000000001,1120,600
24.06.2024 02:24:40.442,7.804060000000001,7.803780000000001,1020,1000
24.06.2024 02:24:40.543,7.80409,7.80384,1420,1100
24.06.2024 02:24:40.644,7.804070000000001,7.80391,1290,1100
24.06.2024 02:24:40.897,7.80408,7.80394,920,800
24.06.2024 02:24:40.999,7.804069999999999,7.80388,590,1200
24.06.2024 02:24:44.610,7.80413,7.80392,1020,1200
24.06.2024 02:24:44.712,7.80408,7.8038300000000005,1300,1880
24.06.2024 02:24:44.763,7.804170000000001,7.803990000000001,900,500
24.06.2024 02:24:44.814,7.80422,7.8039700000000005,700,800
24.06.2024 02:24:48.577,7.80415,7.804010000000001,1020,900
24.06.2024 02:24:48.879,7.804220000000001,7.80391,1020,900
24.06.2024 02:24:48.930,7.804119999999999,7.8038799999999995,1020,1580
24.06.2024 02:24:49.082,7.804099999999999,7.80391,620,2480
24.06.2024 02:24:52.293,7.804149999999999,7.80394,1120,1200
24.06.2024 02:24:53.095,7.804099999999999,7.80393,690,1200
24.06.2024 02:24:53.146,7.80414,7.8039700000000005,1300,500
24.06.2024 02:24:53.248,7.804150000000001,7.80396,1000,600
24.06.2024 02:24:58.617,7.80421,7.803960000000001,1120,1300
24.06.2024 02:24:58.669,7.804220000000001,7.8039000000000005,1190,900
24.06.2024 02:24:58.770,7.80416,7.80398,820,1000
24.06.2024 02:24:59.223,7.804220000000001,7.8039000000000005,620,1300
24.06.2024 02:24:59.625,7.804130000000001,7.8039000000000005,920,700
24.06.2024 02:25:01.031,7.8041100000000005,7.80394,790,600
24.06.2024 02:25:05.088,7.804170000000001,7.803920000000001,1320,1000
24.06.2024 02:25:06.240,7.8041100000000005,7.803920000000001,720,800
24.06.2024 02:25:08.995,7.8041800000000014,7.80394,1120,900
24.06.2024 02:25:09.098,7.8041800000000014,7.80394,820,600
24.06.2024 02:25:18.971,7.804099999999999,7.80393,400,1100
24.06.2024 02:27:10.124,7.80413,7.80391,1000,1350
24.06.2024 02:27:10.226,7.80412,7.803870000000001,500,1650
24.06.2024 02:27:11.231,7.80412,7.80381,1200,680
24.06.2024 02:27:11.282,7.804049999999999,7.80387,600,1480
24.06.2024 02:27:14.145,7.80408,7.803870000000001,900,1250
24.06.2024 02:27:21.294,7.80406,7.80391,1100,1050
24.06.2024 02:27:25.256,7.80406,7.80388,1100,1350
24.06.2024 02:28:06.267,7.80412,7.8038300000000005,1200,1450
24.06.2024 02:28:09.159,7.80412,7.80386,600,1850
24.06.2024 02:29:04.160,7.80405,7.803870000000001,500,1850
24.06.2024 02:29:51.499,7.804139999999999,7.80391,1100,1750
24.06.2024 02:29:51.550,7.804060000000001,7.80381,800,50
24.06.2024 02:29:51.652,7.8041100000000005,7.80384,800,950
24.06.2024 02:29:51.803,7.80408,7.803850000000001,800,350
24.06.2024 02:29:51.854,7.8041100000000005,7.80384,800,250
24.06.2024 02:29:51.905,7.80406,7.80388,1300,650
24.06.2024 02:29:51.956,7.80407,7.803800000000001,500,350
24.06.2024 02:29:52.108,7.80403,7.8038300000000005,1200,950
24.06.2024 02:29:52.159,7.80402,7.803780000000001,500,450
24.06.2024 02:29:52.261,7.804030000000001,7.803870000000001,1000,650
24.06.2024 02:29:52.412,7.804069999999999,7.8037800000000015,1300,1350
24.06.2024 02:29:52.463,7.80405,7.803800000000002,1000,1850
24.06.2024 02:29:52.565,7.80408,7.80381,1100,1350
24.06.2024 02:29:54.375,7.80409,7.80391,700,1380
24.06.2024 02:29:56.833,7.804060000000001,7.803870000000001,1400,1850
24.06.2024 02:30:07.110,7.80409,7.803800000000001,1100,980
24.06.2024 02:30:16.680,7.804050000000001,7.80383,600,1550
24.06.2024 02:30:27.221,7.804080000000001,7.803880000000001,1400,1650
24.06.2024 02:30:45.017,7.804050000000001,7.80391,900,680
24.06.2024 02:31:13.746,7.804070000000001,7.803890000000001,1200,1180
24.06.2024 02:31:16.654,7.804120000000001,7.803880000000001,1400,780
24.06.2024 02:31:17.760,7.804060000000001,7.803800000000001,400,1080
24.06.2024 02:31:17.811,7.80409,7.803870000000001,900,980
24.06.2024 02:31:17.913,7.8041,7.80388,700,680
24.06.2024 02:31:19.018,7.80408,7.8038,900,1180
24.06.2024 02:31:20.523,7.80405,7.803890000000001,800,1480
24.06.2024 02:31:27.136,7.8040400000000005,7.8038,1100,1180
24.06.2024 02:31:28.289,7.8041100000000005,7.803810000000001,900,580
24.06.2024 02:31:28.390,7.8041100000000005,7.803810000000001,1400,1580
24.06.2024 02:31:34.052,7.804120000000001,7.80381,800,1380
24.06.2024 02:31:38.562,7.804080000000001,7.80389,500,1080
24.06.2024 02:31:39.766,7.804050000000001,7.80381,400,950
24.06.2024 02:31:40.868,7.80409,7.803860000000001,700,1580
24.06.2024 02:31:44.824,7.8041100000000005,7.80388,600,950
24.06.2024 02:31:50.137,7.804050000000001,7.80386,1100,1180
24.06.2024 02:32:05.506,7.804120000000001,7.80381,1000,880
24.06.2024 02:32:06.809,7.804070000000001,7.803910000000001,500,1480
24.06.2024 02:32:08.816,7.80409,7.803820000000001,600,1650
24.06.2024 02:32:10.569,7.804130000000001,7.803870000000001,1000,1480
24.06.2024 02:32:12.122,7.804060000000001,7.803920000000001,1000,2280
24.06.2024 02:32:45.728,7.80412,7.80385,500,1100
24.06.2024 02:32:55.149,7.804120000000001,7.80393,800,500
24.06.2024 02:33:06.928,7.80411,7.80386,1400,500
24.06.2024 02:33:19.654,7.804100000000001,7.803900000000001,700,780
24.06.2024 02:33:25.783,7.8041100000000005,7.80394,400,680
24.06.2024 02:33:39.917,7.80409,7.80383,800,980
24.06.2024 02:33:40.270,7.804069999999999,7.803780000000001,500,150
24.06.2024 02:33:40.321,7.8041,7.803850000000001,900,150
24.06.2024 02:33:40.623,7.80402,7.80381,400,550
24.06.2024 02:33:40.775,7.8040400000000005,7.803870000000001,1000,350
24.06.2024 02:33:40.876,7.804060000000001,7.80384,1000,850
24.06.2024 02:33:40.978,7.8040400000000005,7.80379,600,950
24.06.2024 02:33:41.280,7.80401,7.803840000000001,900,1480
24.06.2024 02:33:41.533,7.8040400000000005,7.803840000000001,500,580
24.06.2024 02:33:41.584,7.80401,7.803880000000001,800,1280
24.06.2024 02:33:47.804,7.80407,7.8038300000000005,600,680
24.06.2024 02:33:59.484,7.80403,7.8039,1300,880
24.06.2024 02:34:02.641,7.80402,7.803840000000001,1200,1180
24.06.2024 02:34:08.506,7.80401,7.80389,700,1180
24.06.2024 02:34:12.265,7.8040899999999995,7.80394,600,500
24.06.2024 02:34:20.533,7.80412,7.80392,1200,900
24.06.2024 02:34:40.535,7.804120000000001,7.8039700000000005,1300,1200
24.06.2024 02:34:42.337,7.804080000000001,7.80391,700,900
24.06.2024 02:34:53.815,7.804120000000001,7.80398,1200,600
24.06.2024 02:35:23.869,7.804080000000001,7.80388,500,900
24.06.2024 02:36:21.260,7.804130000000001,7.80393,800,800
24.06.2024 02:36:51.260,7.80414,7.80394,700,1100
24.06.2024 02:37:15.119,7.804150000000001,7.80384,1000,1300
24.06.2024 02:37:40.588,7.80409,7.80391,500,1300
24.06.2024 02:37:50.663,7.8040899999999995,7.80382,500,1000
24.06.2024 02:38:21.270,7.804150000000001,7.803920000000001,1300,900
24.06.2024 02:38:36.912,7.80411,7.80388,1400,600
24.06.2024 02:39:10.599,7.80406,7.80391,800,1200
24.06.2024 02:39:28.878,7.80408,7.80392,1400,1000
24.06.2024 02:40:20.847,7.80409,7.80391,600,1200
24.06.2024 02:40:31.273,7.804080000000001,7.80393,500,900
24.06.2024 02:40:49.808,7.80408,7.80382,500,800
24.06.2024 02:41:00.036,7.8040400000000005,7.803900000000001,900,2450
24.06.2024 02:41:06.703,7.80408,7.803870000000001,1200,1200
24.06.2024 02:41:09.910,7.80416,7.80386,800,700
24.06.2024 02:41:20.036,7.804060000000001,7.80384,1100,1000
24.06.2024 02:41:23.192,7.80417,7.803890000000001,700,700
24.06.2024 02:41:34.360,7.804150000000001,7.803920000000001,1200,800
24.06.2024 02:41:49.343,7.80414,7.80394,400,1200
24.06.2024 02:41:52.802,7.804150000000002,7.803880000000001,600,900
24.06.2024 02:42:14.499,7.80415,7.803860000000001,700,400
24.06.2024 02:42:14.801,7.804200000000002,7.80398,2280,700
24.06.2024 02:42:15.304,7.80419,7.80393,1000,1200
24.06.2024 02:42:18.261,7.8042500000000015,7.803970000000001,700,1100
24.06.2024 02:42:18.312,7.8042,7.803990000000001,500,900
24.06.2024 02:42:18.363,7.80426,7.803990000000001,990,500
24.06.2024 02:42:18.464,7.804279999999999,7.80403,1100,600
24.06.2024 02:42:18.515,7.80432,7.804120000000001,1000,1000
24.06.2024 02:42:18.566,7.804250000000001,7.804060000000001,1200,1780
24.06.2024 02:42:18.617,7.804300000000001,7.804,900,1580
24.06.2024 02:42:19.373,7.8042500000000015,7.8040400000000005,1100,1050
24.06.2024 02:42:20.377,7.804260000000001,7.80408,600,1750
24.06.2024 02:42:21.481,7.804290000000001,7.804100000000001,1400,1650
24.06.2024 02:42:24.139,7.804220000000001,7.804070000000001,1200,1180
24.06.2024 02:42:32.113,7.804279999999999,7.804080000000001,600,1050
24.06.2024 02:42:48.557,7.804250000000001,7.804080000000001,1000,880
24.06.2024 02:42:48.859,7.80419,7.803990000000001,500,850
24.06.2024 02:42:48.960,7.804250000000001,7.803940000000001,800,1580
24.06.2024 02:42:49.914,7.80428,7.80408,900,680
24.06.2024 02:42:58.701,7.80426,7.80401,1300,980
24.06.2024 02:43:00.256,7.80423,7.804060000000001,900,1080
24.06.2024 02:43:17.652,7.804250000000001,7.80406,1300,1300
24.06.2024 02:43:21.718,7.804279999999999,7.80401,1300,500
24.06.2024 02:43:35.503,7.8042500000000015,7.804000000000001,1400,700
24.06.2024 02:43:46.820,7.80426,7.80403,1100,400
24.06.2024 02:43:46.871,7.804340000000001,7.8041100000000005,1100,500
24.06.2024 02:43:46.972,7.8044400000000005,7.804170000000001,1300,1200
24.06.2024 02:43:54.896,7.8044400000000005,7.80417,1100,1200
24.06.2024 02:44:14.193,7.8044199999999995,7.804170000000001,500,700
24.06.2024 02:44:30.251,7.80445,7.804160000000001,500,900
24.06.2024 02:44:30.403,7.804410000000001,7.80414,1000,1200
24.06.2024 02:44:35.066,7.8045,7.80427,1400,900
24.06.2024 02:44:35.117,7.804520000000001,7.8042,700,1400
24.06.2024 02:44:41.885,7.804460000000001,7.80419,1100,1200
24.06.2024 02:44:45.542,7.80441,7.80424,600,1300
24.06.2024 02:44:56.818,7.804480000000001,7.80421,1000,900
24.06.2024 02:45:06.942,7.80448,7.80424,1300,1300
24.06.2024 02:45:09.249,7.804400000000001,7.804200000000001,700,900
24.06.2024 02:45:31.254,7.80441,7.804270000000001,1200,1200
24.06.2024 02:45:41.278,7.804430000000001,7.804270000000001,500,500
24.06.2024 02:45:56.367,7.80445,7.80422,800,1300
24.06.2024 02:46:16.334,7.80446,7.80424,1000,1000
24.06.2024 02:46:19.045,7.8044,7.80414,1300,1300
24.06.2024 02:46:29.068,7.804390000000001,7.80416,1400,600
24.06.2024 02:46:32.424,7.80442,7.80428,600,600
24.06.2024 02:46:56.993,7.80451,7.8043000000000005,600,900
24.06.2024 02:47:02.977,7.804519999999999,7.80426,600,1300
24.06.2024 02:47:09.794,7.80446,7.8043000000000005,400,1000
24.06.2024 02:47:10.597,7.804500000000002,7.804350000000001,500,900
24.06.2024 02:47:12.404,7.804530000000001,7.8043499999999995,500,800
24.06.2024 02:47:22.833,7.804499999999999,7.804230000000001,1200,500
24.06.2024 02:47:25.390,7.804520000000001,7.804270000000001,800,700
24.06.2024 02:47:32.505,7.80441,7.80419,1100,900
24.06.2024 02:48:01.281,7.804469999999999,7.804220000000001,1000,1300
24.06.2024 02:48:05.941,7.80443,7.80429,1200,700
24.06.2024 02:48:10.656,7.80453,7.80426,1000,1100
24.06.2024 02:48:19.072,7.804510000000001,7.804270000000001,600,1100
24.06.2024 02:48:29.147,7.80449,7.8043,1200,900
24.06.2024 02:48:38.622,7.804480000000001,7.804350000000001,900,1300
24.06.2024 02:49:14.860,7.80451,7.80426,800,600
24.06.2024 02:49:14.962,7.804519999999999,7.8043,400,900
24.06.2024 02:49:15.416,7.804430000000001,7.804240000000001,1300,1200
24.06.2024 02:49:15.568,7.804469999999999,7.80428,1200,400
24.06.2024 02:49:15.669,7.80452,7.80427,2399.9999,1400
24.06.2024 02:49:16.873,7.80448,7.80432,900,1200
24.06.2024 02:49:16.974,7.8044899999999995,7.80432,1470,1300
24.06.2024 02:49:25.251,7.804569999999999,7.804350000000001,1970,800
24.06.2024 02:49:25.352,7.804549999999999,7.804329999999999,1970,500
24.06.2024 02:49:25.554,7.804539999999999,7.804329999999999,1240.0001,1200
24.06.2024 02:49:26.457,7.80459,7.804279999999999,1400,600
24.06.2024 02:49:26.558,7.80458,7.80434,870,1300
24.06.2024 02:49:28.312,7.8045800000000005,7.80438,1240.0001,1000
24.06.2024 02:49:29.017,7.8045800000000005,7.804400000000001,1450,500
24.06.2024 02:49:29.569,7.804570000000001,7.804360000000001,1170,1100
24.06.2024 02:49:31.726,7.804620000000001,7.8043700000000005,1999.9998999999998,800
24.06.2024 02:49:31.828,7.80464,7.804340000000001,1420,1200
24.06.2024 02:49:31.879,7.80461,7.804330000000001,1320,600
24.06.2024 02:49:31.930,7.80459,7.8043,920,1200
24.06.2024 02:49:34.890,7.804520000000001,7.80429,900,1400
24.06.2024 02:49:37.097,7.80459,7.80426,1020,1100
24.06.2024 02:49:37.198,7.80457,7.80427,1520,900
24.06.2024 02:50:30.187,7.8045100000000005,7.804230000000001,1300,800
24.06.2024 02:50:30.289,7.8044600000000015,7.80428,1100,900
24.06.2024 02:50:31.544,7.804550000000002,7.80426,820,1000
24.06.2024 02:50:32.596,7.80453,7.804290000000001,1670,800
