Gmt time,Ask,Bid,AskVolume,BidVolume
24.06.2024 00:00:00.191,371.03999999999996,370.597,500,2500
24.06.2024 00:00:00.294,371.004,370.597,1300,2500
24.06.2024 00:00:00.395,371.004,370.585,900,2800
24.06.2024 00:00:00.596,371.012,370.598,1300,2900
24.06.2024 00:00:00.796,371.08500000000004,370.63100000000003,3200,1100
24.06.2024 00:00:00.847,371.081,370.604,3100,900
24.06.2024 00:00:00.897,371.07399999999996,370.62399999999997,600,3000
24.06.2024 00:00:01.148,371.08,370.616,700,2600
24.06.2024 00:00:01.249,371.091,370.633,1000,1200
24.06.2024 00:00:02.654,371.132,370.671,600,1300
24.06.2024 00:00:08.968,371.16200000000003,370.71000000000004,400,700
24.06.2024 00:00:09.469,371.202,370.74,600,1100
24.06.2024 00:00:09.971,371.226,370.73300000000006,700,1300
24.06.2024 00:00:10.272,371.22200000000004,370.708,700,1200
24.06.2024 00:00:11.325,371.215,370.74300000000005,1000,900
24.06.2024 00:00:11.676,371.22200000000004,370.771,1100,900
24.06.2024 00:00:14.284,371.216,370.725,900,1550
24.06.2024 00:00:14.786,371.149,370.69899999999996,1000,600
24.06.2024 00:00:14.987,371.148,370.712,1100,2300
24.06.2024 00:00:15.238,371.147,370.70099999999996,500,700
24.06.2024 00:00:15.388,371.145,370.69,900,1000
24.06.2024 00:00:16.441,371.11699999999996,370.67699999999996,500,2400
24.06.2024 00:00:16.642,371.11899999999997,370.712,1200,3200
24.06.2024 00:00:16.893,371.12399999999997,370.689,1100,2800
24.06.2024 00:00:17.144,371.118,370.701,1300,3100
24.06.2024 00:00:17.395,371.12199999999996,370.68600000000004,1200,2300
24.06.2024 00:00:17.646,371.11899999999997,370.687,800,2500
24.06.2024 00:00:17.697,371.144,370.686,500,2300
24.06.2024 00:00:17.898,371.144,370.703,1300,2700
24.06.2024 00:00:18.149,371.142,370.715,600,2200
24.06.2024 00:00:18.350,371.176,370.717,1400,3000
24.06.2024 00:00:18.400,371.176,370.72700000000003,1300,2500
24.06.2024 00:00:18.551,371.197,370.743,1000,1200
24.06.2024 00:00:18.652,371.199,370.75500000000005,800,2600
24.06.2024 00:00:18.903,371.196,370.76500000000004,1000,2700
24.06.2024 00:00:19.154,371.20300000000003,370.766,1000,3100
24.06.2024 00:00:19.405,371.197,370.865,1200,700
24.06.2024 00:00:23.463,371.242,370.893,900,400
24.06.2024 00:00:23.563,371.27200000000005,370.911,1300,800
24.06.2024 00:00:23.714,371.278,370.966,1100,900
24.06.2024 00:00:23.916,371.316,370.961,900,600
24.06.2024 00:00:25.320,371.331,370.973,600,800
24.06.2024 00:00:32.197,371.365,370.96700000000004,900,1300
24.06.2024 00:00:34.054,371.35900000000004,370.99799999999993,900,600
24.06.2024 00:00:34.155,371.31600000000003,370.945,700,800
24.06.2024 00:00:34.255,371.223,370.931,900,2400
24.06.2024 00:00:34.406,371.228,370.88,1200,1200
24.06.2024 00:00:36.111,371.24999999999994,370.87,900,400
24.06.2024 00:00:39.472,371.24999999999994,370.872,1300,500
24.06.2024 00:00:39.623,371.27500000000003,370.906,900,1400
24.06.2024 00:00:40.376,371.301,370.964,500,1300
24.06.2024 00:00:40.677,371.329,370.969,1000,400
24.06.2024 00:00:41.429,371.33,370.98799999999994,1300,700
24.06.2024 00:00:43.734,371.37000000000006,371.03200000000004,1200,1000
24.06.2024 00:00:49.545,371.29300000000006,370.957,1200,1200
24.06.2024 00:00:50.249,371.31,370.96500000000003,1300,600
24.06.2024 00:00:53.461,371.31299999999993,370.966,500,1000
24.06.2024 00:00:53.512,371.38,370.967,700,800
24.06.2024 00:00:54.218,371.343,370.966,800,1400
24.06.2024 00:00:54.920,371.33500000000004,370.995,1200,900
24.06.2024 00:00:55.322,371.333,371.00700000000006,1000,1200
24.06.2024 00:00:55.473,371.302,370.971,1300,1100
24.06.2024 00:01:00.232,371.372,371.039,600,700
24.06.2024 00:01:02.410,371.448,371.119,900,400
24.06.2024 00:01:02.962,371.411,371.08200000000005,500,1400
24.06.2024 00:01:03.615,371.41299999999995,371.059,1300,600
24.06.2024 00:01:07.576,371.44000000000005,371.07800000000003,500,900
24.06.2024 00:01:17.447,371.44800000000004,371.105,1000,700
24.06.2024 00:01:17.649,371.536,371.189,800,700
24.06.2024 00:01:19.404,371.535,371.156,800,800
24.06.2024 00:01:19.454,371.50199999999995,371.13599999999997,900,1300
24.06.2024 00:01:19.706,371.47600000000006,371.10499999999996,400,900
24.06.2024 00:01:19.857,371.45500000000004,371.10699999999997,1300,800
24.06.2024 00:01:21.564,371.456,371.1070000000001,700,700
24.06.2024 00:01:30.887,371.468,371.132,700,600
24.06.2024 00:01:31.840,371.486,371.14500000000004,900,1000
24.06.2024 00:01:32.943,371.502,371.131,700,700
24.06.2024 00:01:33.545,371.51099999999997,371.159,600,1300
24.06.2024 00:01:36.162,371.482,371.148,900,400
24.06.2024 00:01:36.262,371.495,371.15500000000003,600,800
24.06.2024 00:01:36.965,371.437,371.102,1300,1300
24.06.2024 00:01:51.552,371.437,371.097,1000,500
24.06.2024 00:01:55.160,371.403,371.06899999999996,1300,500
24.06.2024 00:01:55.762,371.445,371.121,900,900
24.06.2024 00:02:01.726,371.41499999999996,371.083,600,600
24.06.2024 00:02:03.731,371.377,371.05400000000003,1100,900
24.06.2024 00:02:05.735,371.363,371.028,1300,1100
24.06.2024 00:02:06.942,371.353,370.95799999999997,600,2400
24.06.2024 00:02:06.993,371.338,370.96299999999997,1300,2300
24.06.2024 00:02:07.193,371.345,370.958,1000,1200
24.06.2024 00:02:07.745,371.346,371.03700000000003,600,550
24.06.2024 00:02:08.498,371.318,371.038,700,550
24.06.2024 00:02:08.648,371.314,370.975,500,800
24.06.2024 00:02:08.900,371.286,370.948,800,1300
24.06.2024 00:02:09.251,371.265,370.92499999999995,1200,1000
24.06.2024 00:02:17.011,371.28900000000004,370.92800000000005,700,700
24.06.2024 00:02:18.214,371.307,370.951,800,900
24.06.2024 00:02:18.315,371.369,371.022,700,1200
24.06.2024 00:02:18.566,371.384,371.045,600,800
24.06.2024 00:02:19.068,371.43,371.09700000000004,800,1100
24.06.2024 00:02:26.739,371.46000000000004,371.13100000000003,800,900
24.06.2024 00:02:27.040,371.485,371.139,1000,800
24.06.2024 00:02:27.141,371.5450000000001,371.21099999999996,600,1000
24.06.2024 00:02:27.242,371.54400000000004,371.175,1000,900
24.06.2024 00:02:27.343,371.545,371.226,800,1000
24.06.2024 00:02:27.444,371.546,371.168,900,400
24.06.2024 00:02:29.148,371.52,371.155,500,1400
24.06.2024 00:02:29.249,371.53400000000005,371.18399999999997,1000,900
24.06.2024 00:02:29.299,371.55799999999994,371.196,1000,1100
24.06.2024 00:02:31.555,371.559,371.199,1400,800
24.06.2024 00:02:34.465,371.565,371.2320000000001,500,500
24.06.2024 00:02:34.716,371.57,371.24800000000005,1300,1000
24.06.2024 00:02:38.225,371.58299999999997,371.238,1100,1200
24.06.2024 00:02:38.276,371.6120000000001,371.278,500,1200
24.06.2024 00:02:38.578,371.606,371.231,600,1100
24.06.2024 00:02:38.679,371.565,371.22,800,600
24.06.2024 00:02:38.830,371.597,371.24,1000,1200
24.06.2024 00:02:38.981,371.60499999999996,371.17800000000005,900,400
24.06.2024 00:02:39.031,371.602,371.185,900,400
24.06.2024 00:02:39.282,371.57,371.185,900,500
24.06.2024 00:02:39.584,371.524,371.17900000000003,600,600
24.06.2024 00:02:39.685,371.52299999999997,371.2,700,1000
24.06.2024 00:02:40.337,371.492,371.17,900,700
24.06.2024 00:02:46.561,371.47700000000003,371.142,800,1100
24.06.2024 00:02:57.387,371.473,371.14700000000005,600,500
24.06.2024 00:02:58.241,371.497,371.15,400,400
24.06.2024 00:02:58.292,371.54300000000006,371.212,1200,600
24.06.2024 00:03:00.898,371.556,371.23699999999997,1300,400
24.06.2024 00:03:00.999,371.55,371.216,600,1400
24.06.2024 00:03:04.256,371.515,371.198,900,1300
24.06.2024 00:03:04.908,371.512,371.164,1100,900
24.06.2024 00:03:05.510,371.49199999999996,371.138,1000,500
24.06.2024 00:03:07.764,371.48799999999994,371.256,1100,1100
24.06.2024 00:03:07.815,371.54400000000004,371.25699999999995,500,800
24.06.2024 00:03:07.915,371.534,371.256,700,1200
24.06.2024 00:03:07.966,371.541,371.154,700,900
24.06.2024 00:03:08.017,371.539,371.17699999999996,1200,1300
24.06.2024 00:03:08.118,371.57,371.29100000000005,900,900
24.06.2024 00:03:08.269,371.53999999999996,371.29900000000004,1100,1100
24.06.2024 00:03:08.771,371.582,371.31,1100,1300
24.06.2024 00:03:08.821,371.546,371.31300000000005,600,900
24.06.2024 00:03:10.777,371.60900000000004,371.30400000000003,800,600
24.06.2024 00:03:10.828,371.602,371.20599999999996,600,1300
24.06.2024 00:03:11.029,371.604,371.351,700,1200
24.06.2024 00:03:11.330,371.6,371.34200000000004,700,600
24.06.2024 00:03:11.582,371.59900000000005,371.338,400,900
24.06.2024 00:03:11.633,371.60100000000006,371.208,600,1000
24.06.2024 00:03:13.346,371.57,371.197,800,700
24.06.2024 00:03:14.098,371.54600000000005,371.1700000000001,1300,500
24.06.2024 00:03:14.249,371.499,371.14799999999997,600,600
24.06.2024 00:03:20.169,371.528,371.18199999999996,600,1400
24.06.2024 00:03:20.220,371.562,371.21299999999997,1200,900
24.06.2024 00:03:20.271,371.584,371.214,900,700
24.06.2024 00:03:22.575,371.593,371.22700000000003,1300,900
24.06.2024 00:03:22.776,371.61199999999997,371.224,1300,800
24.06.2024 00:03:24.332,371.62100000000004,371.269,1100,1200
24.06.2024 00:03:24.532,371.637,371.27,1100,900
24.06.2024 00:03:24.583,371.649,371.2950000000001,600,400
24.06.2024 00:03:24.684,371.65400000000005,371.274,1300,1200
24.06.2024 00:03:27.040,371.65400000000005,371.265,1300,600
24.06.2024 00:03:27.141,371.706,371.30100000000004,900,1000
24.06.2024 00:03:27.192,371.70300000000003,371.273,1200,1100
24.06.2024 00:03:27.393,371.66900000000004,371.258,900,1100
24.06.2024 00:03:28.296,371.658,371.22900000000004,1000,600
24.06.2024 00:03:28.347,371.62699999999995,371.21299999999997,700,1300
24.06.2024 00:03:31.254,371.60600000000005,371.19000000000005,600,1100
24.06.2024 00:03:31.405,371.5679999999999,371.202,600,700
24.06.2024 00:03:32.859,371.589,371.192,1100,1300
24.06.2024 00:03:34.413,371.584,371.191,500,900
24.06.2024 00:03:37.072,371.57099999999997,371.178,600,900
24.06.2024 00:03:37.473,371.534,371.146,1300,1400
24.06.2024 00:03:37.674,371.473,371.11199999999997,1300,700
24.06.2024 00:03:38.677,371.48100000000005,371.098,900,1000
24.06.2024 00:03:41.538,371.477,371.09000000000003,1000,700
24.06.2024 00:03:41.789,371.49899999999997,371.093,800,600
24.06.2024 00:03:43.594,371.528,371.12200000000007,700,1100
24.06.2024 00:03:43.695,371.56100000000004,371.154,500,600
24.06.2024 00:03:44.498,371.59400000000005,371.203,1200,800
24.06.2024 00:03:45.100,371.60699999999997,371.199,700,1000
24.06.2024 00:03:51.569,371.61100000000005,371.19599999999997,900,500
24.06.2024 00:03:52.071,371.536,371.161,500,900
24.06.2024 00:03:52.171,371.557,371.15500000000003,500,500
24.06.2024 00:03:52.473,371.55600000000004,371.15700000000004,900,900
24.06.2024 00:03:53.326,371.548,371.141,1300,1000
24.06.2024 00:03:53.627,371.53700000000003,371.11799999999994,600,1000
24.06.2024 00:03:53.828,371.50500000000005,371.12200000000007,1000,600
24.06.2024 00:03:56.185,371.474,371.089,1000,1100
24.06.2024 00:03:58.242,371.46,371.05,1400,900
24.06.2024 00:03:58.293,371.4200000000001,371.032,900,2900
24.06.2024 00:03:58.449,371.416,371.03,1400,2700
24.06.2024 00:03:58.500,371.452,371.033,500,500
24.06.2024 00:03:58.651,371.44500000000005,371.02500000000003,400,800
24.06.2024 00:04:02.366,371.395,371.03,1300,400
24.06.2024 00:04:02.467,371.467,371.01800000000003,700,900
24.06.2024 00:04:02.618,371.44199999999995,371.03000000000003,400,1100
24.06.2024 00:04:02.719,371.486,371.1170000000001,1000,900
24.06.2024 00:04:04.022,371.487,371.10200000000003,900,1200
24.06.2024 00:04:04.173,371.51,371.10600000000005,800,400
24.06.2024 00:04:04.524,371.53000000000003,371.127,500,900
24.06.2024 00:04:06.983,371.513,371.117,500,1100
24.06.2024 00:04:11.546,371.50699999999995,371.123,1000,1000
24.06.2024 00:04:15.606,371.503,371.093,500,1200
24.06.2024 00:04:15.657,371.43,371.06199999999995,1200,2400
24.06.2024 00:04:15.908,371.43100000000004,371.03900000000004,1000,600
24.06.2024 00:04:17.614,371.45700000000005,371.034,1400,1200
24.06.2024 00:04:19.269,371.456,371.065,500,900
24.06.2024 00:04:19.771,371.479,371.068,900,1100
24.06.2024 00:04:20.273,371.481,371.084,900,900
24.06.2024 00:04:21.326,371.506,371.106,1200,600
24.06.2024 00:04:21.878,371.535,371.111,1000,1000
24.06.2024 00:04:21.979,371.52700000000004,371.123,1000,1400
24.06.2024 00:04:23.384,371.524,371.149,900,1100
24.06.2024 00:04:23.435,371.55100000000004,371.156,800,500
24.06.2024 00:04:24.789,371.549,371.189,500,1000
24.06.2024 00:04:24.940,371.61600000000004,371.161,1200,700
24.06.2024 00:04:24.990,371.612,371.1670000000001,1300,1000
24.06.2024 00:04:25.041,371.611,371.14500000000004,1200,500
24.06.2024 00:04:25.292,371.59999999999997,371.18799999999993,600,1200
24.06.2024 00:04:25.995,371.579,371.202,800,500
24.06.2024 00:04:27.099,371.603,371.19399999999996,700,1200
24.06.2024 00:04:27.149,371.61600000000004,371.22300000000007,1300,1200
24.06.2024 00:04:30.510,371.584,371.19000000000005,500,800
24.06.2024 00:04:30.660,371.58200000000005,371.17400000000004,900,1200
24.06.2024 00:04:30.812,371.5470000000001,371.16600000000005,1100,1200
24.06.2024 00:04:36.780,371.572,371.17900000000003,1300,900
24.06.2024 00:04:37.031,371.582,371.203,500,800
24.06.2024 00:04:38.188,371.60300000000007,371.21200000000005,600,800
24.06.2024 00:04:38.288,371.574,371.19000000000005,900,900
24.06.2024 00:04:39.994,371.6070000000001,371.20500000000004,600,1400
24.06.2024 00:04:41.150,371.6170000000001,371.2370000000001,700,1300
24.06.2024 00:04:41.551,371.61,371.23400000000004,700,900
24.06.2024 00:04:47.068,371.616,371.20799999999997,900,500
24.06.2024 00:04:54.337,371.53000000000003,371.17600000000004,800,600
24.06.2024 00:05:02.357,371.54600000000005,371.18199999999996,1200,500
24.06.2024 00:05:04.361,371.473,371.11100000000005,600,2900
24.06.2024 00:05:04.562,371.471,371.106,700,1100
24.06.2024 00:05:16.740,371.479,371.111,1300,1100
24.06.2024 00:05:18.593,371.439,371.075,1100,1100
24.06.2024 00:05:19.508,371.40000000000003,371.05100000000004,1200,500
24.06.2024 00:05:19.760,371.384,371.032,600,3200
24.06.2024 00:05:19.811,371.389,371.01800000000003,1100,1400
24.06.2024 00:05:29.784,371.381,371.021,800,1000
24.06.2024 00:05:38.006,371.41900000000004,371.045,1100,500
24.06.2024 00:05:40.914,371.42500000000007,371.07000000000005,900,600
24.06.2024 00:05:43.122,371.382,371.034,600,400
24.06.2024 00:05:43.774,371.38100000000003,371.01300000000003,500,1000
24.06.2024 00:05:43.975,371.352,371.005,500,1000
24.06.2024 00:05:45.128,371.333,370.981,1200,1100
24.06.2024 00:05:53.844,371.31,370.954,500,700
24.06.2024 00:05:53.945,371.29,370.92699999999996,1000,1200
24.06.2024 00:05:54.196,371.28200000000004,370.91,600,600
24.06.2024 00:05:54.798,371.28900000000004,370.97800000000007,1300,600
24.06.2024 00:05:54.999,371.267,370.975,700,900
24.06.2024 00:05:55.851,371.30899999999997,370.97,1100,600
24.06.2024 00:05:58.458,371.307,370.97200000000004,1200,1000
24.06.2024 00:05:58.759,371.3070000000001,370.97,600,800
24.06.2024 00:05:58.960,371.3070000000001,370.92699999999996,600,1000
24.06.2024 00:05:59.311,371.324,370.94199999999995,700,500
24.06.2024 00:06:00.185,371.341,370.986,900,800
24.06.2024 00:06:05.798,371.372,371.01800000000003,500,1100
24.06.2024 00:06:13.267,371.316,370.964,900,900
24.06.2024 00:06:14.471,371.31200000000007,370.93899999999996,1000,1200
24.06.2024 00:06:14.772,371.283,370.911,1000,1000
24.06.2024 00:06:15.373,371.23499999999996,370.875,1200,1200
24.06.2024 00:06:15.474,371.236,370.922,1200,600
24.06.2024 00:06:17.027,371.258,370.92900000000003,600,1100
24.06.2024 00:06:17.128,371.269,370.86800000000005,700,1300
24.06.2024 00:06:19.382,371.277,370.888,1300,1200
24.06.2024 00:06:30.209,371.249,370.89099999999996,700,1100
24.06.2024 00:06:30.461,371.244,370.868,400,400
24.06.2024 00:06:40.229,371.25300000000004,370.891,500,1400
24.06.2024 00:06:51.575,371.252,370.89300000000003,500,700
24.06.2024 00:06:52.127,371.28800000000007,370.90799999999996,600,1100
24.06.2024 00:06:52.433,371.254,370.9,400,1000
24.06.2024 00:06:54.387,371.216,370.861,1400,1300
24.06.2024 00:06:54.488,371.189,370.83099999999996,800,600
24.06.2024 00:06:55.790,371.17900000000003,370.925,1400,1400
24.06.2024 00:06:57.044,371.21000000000004,370.92600000000004,1100,1300
24.06.2024 00:06:58.548,371.22999999999996,370.92600000000004,800,800
24.06.2024 00:06:58.699,371.233,370.92600000000004,1200,1200
24.06.2024 00:06:59.351,371.24,370.92300000000006,1000,1300
24.06.2024 00:06:59.601,371.248,370.89000000000004,600,700
24.06.2024 00:06:59.702,371.247,370.86600000000004,500,1300
24.06.2024 00:07:01.557,371.244,370.88,800,500
24.06.2024 00:07:05.216,371.222,370.85800000000006,1100,1200
24.06.2024 00:07:05.617,371.24499999999995,370.87600000000003,1000,1300
24.06.2024 00:07:10.928,371.25200000000007,370.906,500,1300
24.06.2024 00:07:11.580,371.25600000000003,370.904,1400,1000
24.06.2024 00:07:11.782,371.324,370.959,400,1000
24.06.2024 00:07:11.883,371.319,370.897,500,900
24.06.2024 00:07:11.984,371.343,370.988,1400,500
24.06.2024 00:07:12.135,371.373,371.021,1200,1200
24.06.2024 00:07:17.752,371.409,371.038,1100,1400
24.06.2024 00:07:17.852,371.421,371.06,900,1400
24.06.2024 00:07:18.003,371.405,371.063,750,800
24.06.2024 00:07:18.204,371.49699999999996,371.135,400,700
24.06.2024 00:07:19.558,371.501,371.11800000000005,400,1400
24.06.2024 00:07:20.161,371.51099999999997,371.157,1000,500
24.06.2024 00:07:20.512,371.519,371.11999999999995,700,500
24.06.2024 00:07:20.713,371.494,371.139,1100,500
24.06.2024 00:07:20.964,371.50299999999993,371.105,500,400
24.06.2024 00:07:21.566,371.496,371.098,800,700
24.06.2024 00:07:22.719,371.478,371.09700000000004,800,900
24.06.2024 00:07:24.625,371.467,371.09999999999997,500,1000
24.06.2024 00:07:25.327,371.45,371.09299999999996,800,700
24.06.2024 00:07:25.427,371.45,371.061,600,1100
24.06.2024 00:07:27.606,371.446,371.06300000000005,700,1400
24.06.2024 00:07:28.058,371.425,371.043,500,500
24.06.2024 00:07:31.671,371.449,371.057,500,500
24.06.2024 00:07:31.723,371.465,371.1070000000001,1300,500
24.06.2024 00:07:32.977,371.46700000000004,371.092,600,600
24.06.2024 00:07:33.530,371.461,371.09,1300,800
24.06.2024 00:07:43.054,371.489,371.11199999999997,800,1300
24.06.2024 00:07:43.205,371.511,371.237,500,1000
24.06.2024 00:07:45.261,371.51,371.21000000000004,700,500
24.06.2024 00:07:45.361,371.514,371.147,700,1200
24.06.2024 00:08:00.799,371.521,371.16999999999996,1300,1100
24.06.2024 00:08:01.051,371.426,371.18399999999997,350,1200
24.06.2024 00:08:01.954,371.349,371.183,550,800
24.06.2024 00:08:02.055,371.40500000000003,371.181,1300,1300
24.06.2024 00:08:02.156,371.466,371.185,800,700
24.06.2024 00:08:02.257,371.458,371.186,450,800
24.06.2024 00:08:06.466,371.451,371.196,950,1200
24.06.2024 00:08:06.617,371.44000000000005,371.199,50,1000
24.06.2024 00:08:06.918,371.513,371.213,900,1300
24.06.2024 00:08:07.069,371.54900000000004,371.21700000000004,1100,600
24.06.2024 00:08:13.886,371.531,371.21200000000005,1200,600
24.06.2024 00:08:14.067,371.52299999999997,371.157,1000,700
24.06.2024 00:08:15.271,371.493,371.09799999999996,800,700
24.06.2024 00:08:15.372,371.489,371.191,400,1100
24.06.2024 00:08:15.473,371.48299999999995,371.195,350,1300
24.06.2024 00:08:15.674,371.477,371.17400000000004,350,1300
24.06.2024 00:08:16.377,371.469,371.17600000000004,50,1300
24.06.2024 00:08:17.080,371.479,371.17800000000005,1300,1200
24.06.2024 00:08:21.439,371.45,371.145,50,800
24.06.2024 00:08:23.695,371.457,371.12,350,1300
24.06.2024 00:08:23.796,371.457,371.109,900,700
24.06.2024 00:08:29.112,371.42400000000004,371.11299999999994,450,1400
24.06.2024 00:08:30.114,371.411,371.11199999999997,150,700
24.06.2024 00:08:41.392,371.415,371.085,350,500
24.06.2024 00:08:41.543,371.40400000000005,371.082,750,1200
24.06.2024 00:08:41.644,371.41700000000003,371.051,600,1300
24.06.2024 00:08:41.895,371.378,371.024,500,600
24.06.2024 00:08:42.448,371.35200000000003,370.999,800,1100
24.06.2024 00:08:43.601,371.30300000000005,370.95500000000004,1100,900
24.06.2024 00:08:45.256,371.323,370.95599999999996,900,1000
24.06.2024 00:08:45.758,371.364,370.993,800,1000
24.06.2024 00:08:47.862,371.37300000000005,371.016,1100,700
24.06.2024 00:08:49.314,371.376,371.01800000000003,500,1100
24.06.2024 00:08:57.078,371.351,370.99199999999996,1400,800
24.06.2024 00:08:57.129,371.315,370.969,900,600
24.06.2024 00:08:58.383,371.293,370.942,1400,1100
24.06.2024 00:08:58.585,371.26,370.916,400,800
24.06.2024 00:09:07.289,371.243,370.891,500,1100
24.06.2024 00:09:12.556,371.218,370.86800000000005,1000,1000
24.06.2024 00:09:22.986,371.225,370.871,600,700
24.06.2024 00:09:27.147,371.24700000000007,370.899,600,500
24.06.2024 00:09:37.572,371.24600000000004,370.899,1300,400
24.06.2024 00:09:48.998,371.24700000000007,370.897,800,500
24.06.2024 00:09:59.412,371.213,370.86,600,400
24.06.2024 00:10:01.320,371.18999999999994,370.842,400,1200
24.06.2024 00:10:01.521,371.19199999999995,370.91100000000006,1300,900
24.06.2024 00:10:01.622,371.18199999999996,370.836,1400,1100
24.06.2024 00:10:07.434,371.186,370.90900000000005,1000,700
24.06.2024 00:10:32.804,371.159,370.91,1300,800
24.06.2024 00:10:33.055,371.151,370.91100000000006,800,900
24.06.2024 00:10:33.857,371.164,370.915,700,600
24.06.2024 00:10:44.494,371.19199999999995,370.91700000000003,600,1400
24.06.2024 00:10:44.997,371.216,370.91900000000004,1200,600
24.06.2024 00:10:45.048,371.221,370.871,1300,800
24.06.2024 00:10:45.148,371.255,370.90000000000003,700,400
24.06.2024 00:10:52.214,371.276,370.931,1300,1300
24.06.2024 00:11:03.544,371.345,370.99199999999996,1400,1400
24.06.2024 00:11:05.897,371.365,371.01800000000003,700,1300
24.06.2024 00:11:21.435,371.397,371.055,400,900
24.06.2024 00:11:21.536,371.42600000000004,371.105,1300,700
24.06.2024 00:11:21.637,371.45,371.105,1000,700
24.06.2024 00:11:28.758,371.42699999999996,371.079,600,700
24.06.2024 00:11:36.628,371.454,371.10600000000005,600,900
24.06.2024 00:11:37.029,371.477,371.13899999999995,500,800
24.06.2024 00:11:51.566,371.478,371.132,800,1100
24.06.2024 00:12:01.540,371.479,371.13699999999994,500,1300
24.06.2024 00:12:09.859,371.48199999999997,371.17400000000004,500,1400
24.06.2024 00:12:10.061,371.479,371.13699999999994,1400,900
24.06.2024 00:12:12.528,371.476,371.135,1200,900
24.06.2024 00:12:16.855,371.457,371.109,700,1300
24.06.2024 00:12:30.686,371.45,371.13599999999997,1200,1000
24.06.2024 00:12:30.987,371.454,371.11499999999995,1000,800
24.06.2024 00:12:48.178,371.454,371.16900000000004,900,1100
24.06.2024 00:12:48.480,371.453,371.158,500,600
24.06.2024 00:12:51.837,371.453,371.148,400,1200
24.06.2024 00:12:52.043,371.459,371.116,500,700
24.06.2024 00:12:56.249,371.457,371.148,700,1300
24.06.2024 00:12:59.158,371.452,371.116,600,500
24.06.2024 00:13:00.310,371.455,371.162,600,500
24.06.2024 00:13:00.511,371.452,371.16900000000004,400,600
24.06.2024 00:13:00.612,371.457,371.15400000000005,1400,900
24.06.2024 00:13:00.713,371.459,371.16799999999995,700,900
24.06.2024 00:13:01.115,371.459,371.18699999999995,1100,600
24.06.2024 00:13:01.219,371.459,371.1770000000001,600,900
24.06.2024 00:13:01.420,371.454,371.19399999999996,1300,800
24.06.2024 00:13:01.721,371.457,371.18799999999993,700,1100
24.06.2024 00:13:02.123,371.48900000000003,371.1929999999999,400,600
24.06.2024 00:13:02.224,371.51000000000005,371.2,700,600
24.06.2024 00:13:02.326,371.51500000000004,371.215,1100,500
24.06.2024 00:13:02.527,371.516,371.204,800,1400
24.06.2024 00:13:02.829,371.514,371.23499999999996,1000,700
24.06.2024 00:13:02.930,371.511,371.233,1400,1200
24.06.2024 00:13:03.131,371.516,371.24600000000004,900,1000
24.06.2024 00:13:03.833,371.516,371.236,1000,600
24.06.2024 00:13:04.135,371.509,371.216,600,1200
24.06.2024 00:13:04.235,371.51200000000006,371.208,1300,1100
24.06.2024 00:13:08.111,371.51200000000006,371.23100000000005,1000,500
24.06.2024 00:13:08.312,371.50800000000004,371.23900000000003,900,1400
24.06.2024 00:13:08.513,371.51200000000006,371.25100000000003,1000,1300
24.06.2024 00:13:10.868,371.51800000000003,371.249,1300,800
24.06.2024 00:13:11.671,371.509,371.259,500,1300
24.06.2024 00:13:11.972,371.511,371.25600000000003,1400,900
24.06.2024 00:13:12.073,371.51800000000003,371.27,1000,1100
24.06.2024 00:13:12.925,371.514,371.22900000000004,700,700
24.06.2024 00:13:13.026,371.516,371.23600000000005,700,900
24.06.2024 00:13:17.484,371.516,371.21700000000004,1300,1300
24.06.2024 00:13:21.542,371.51800000000003,371.22,700,1000
24.06.2024 00:13:27.157,371.528,371.216,1100,400
24.06.2024 00:13:27.260,371.523,371.238,600,400
24.06.2024 00:13:27.411,371.522,371.245,900,1400
24.06.2024 00:13:27.612,371.529,371.281,1200,1100
24.06.2024 00:13:29.969,371.52500000000003,371.26,1300,700
24.06.2024 00:13:30.872,371.529,371.235,800,800
24.06.2024 00:13:31.975,371.524,371.22800000000007,1100,1100
24.06.2024 00:13:34.131,371.529,371.219,600,1400
24.06.2024 00:13:42.352,371.526,371.207,1100,1000
24.06.2024 00:13:46.213,371.527,371.19199999999995,500,800
24.06.2024 00:13:52.830,371.521,371.19499999999994,500,500
24.06.2024 00:13:53.231,371.527,371.1929999999999,600,500
24.06.2024 00:13:54.284,371.521,371.18899999999996,1300,1300
24.06.2024 00:13:54.586,371.531,371.18799999999993,500,600
24.06.2024 00:14:06.098,371.50100000000003,371.19199999999995,1200,1100
24.06.2024 00:14:06.350,371.504,371.182,700,500
24.06.2024 00:14:06.501,371.503,371.18300000000005,1200,1100
24.06.2024 00:14:06.601,371.499,371.177,1000,1100
24.06.2024 00:14:08.457,371.47200000000004,371.175,800,900
24.06.2024 00:14:08.608,371.47200000000004,371.159,500,1300
24.06.2024 00:14:11.770,371.48800000000006,371.16700000000003,900,600
24.06.2024 00:14:11.821,371.493,371.16,1300,1400
24.06.2024 00:14:11.872,371.49699999999996,371.15200000000004,700,1200
24.06.2024 00:14:12.476,371.50199999999995,371.164,2100,1000
24.06.2024 00:14:12.627,371.471,371.165,600,1200
24.06.2024 00:14:12.828,371.47,371.138,900,1200
24.06.2024 00:14:22.997,371.468,371.119,600,1400
24.06.2024 00:14:23.097,371.47200000000004,371.137,1200,800
24.06.2024 00:14:23.499,371.466,371.118,1100,1100
24.06.2024 00:14:25.201,371.466,371.117,1300,1300
24.06.2024 00:14:27.459,371.46700000000004,371.135,1300,600
24.06.2024 00:14:29.214,371.461,371.121,700,1400
24.06.2024 00:14:29.315,371.465,371.121,1200,500
24.06.2024 00:14:29.917,371.466,371.11,900,1300
24.06.2024 00:14:30.168,371.43699999999995,371.08299999999997,500,1300
24.06.2024 00:14:30.319,371.41100000000006,371.123,1100,600
24.06.2024 00:14:31.222,371.41400000000004,371.115,700,1300
24.06.2024 00:14:32.978,371.4080000000001,371.051,400,1200
24.06.2024 00:14:34.181,371.41200000000003,371.101,600,1400
24.06.2024 00:14:37.037,371.41200000000003,371.083,1300,700
24.06.2024 00:14:38.251,371.4080000000001,371.081,600,600
24.06.2024 00:14:39.454,371.411,371.076,1400,500
24.06.2024 00:14:39.656,371.41200000000003,371.08,1300,1000
24.06.2024 00:14:40.058,371.41,371.076,1000,700
24.06.2024 00:14:40.159,371.40500000000003,371.077,400,1300
24.06.2024 00:14:43.015,371.403,371.079,700,1000
24.06.2024 00:14:43.116,371.41400000000004,371.05,1300,800
24.06.2024 00:14:44.268,371.41,371.07800000000003,600,800
24.06.2024 00:14:44.369,371.40500000000003,371.05800000000005,1200,1200
24.06.2024 00:14:44.770,371.40400000000005,371.081,600,800
24.06.2024 00:14:44.871,371.40500000000003,371.055,600,1100
24.06.2024 00:14:55.292,371.40600000000006,371.1070000000001,1000,700
24.06.2024 00:15:00.208,371.427,371.1050000000001,1100,1000
24.06.2024 00:15:00.359,371.43600000000004,371.10800000000006,1000,1300
24.06.2024 00:15:00.460,371.43000000000006,371.10400000000004,1200,1300
24.06.2024 00:15:00.561,371.43100000000004,371.1070000000001,500,1400
24.06.2024 00:15:01.313,371.42800000000005,371.10800000000006,800,1400
24.06.2024 00:15:01.614,371.431,371.10400000000004,1300,1300
24.06.2024 00:15:01.715,371.43700000000007,371.1120000000001,1000,1200
24.06.2024 00:15:02.017,371.43,371.10800000000006,500,700
24.06.2024 00:15:02.217,371.42900000000003,371.1070000000001,1200,500
24.06.2024 00:15:02.519,371.428,371.11100000000005,900,1100
24.06.2024 00:15:02.620,371.42699999999996,371.1120000000001,400,500
24.06.2024 00:15:02.720,371.431,371.11100000000005,900,700
24.06.2024 00:15:02.921,371.43300000000005,371.1050000000001,700,1000
24.06.2024 00:15:03.724,371.426,371.11100000000005,500,1100
24.06.2024 00:15:03.824,371.431,371.1070000000001,1300,800
24.06.2024 00:15:04.225,371.42699999999996,371.10400000000004,1200,600
24.06.2024 00:15:04.326,371.427,371.10900000000004,1300,1300
24.06.2024 00:15:04.727,371.43800000000005,371.1120000000001,500,1400
24.06.2024 00:15:04.828,371.43600000000004,371.1050000000001,1400,600
24.06.2024 00:15:05.680,371.43300000000005,371.11300000000006,1100,700
24.06.2024 00:15:09.539,371.41700000000003,371.09499999999997,700,1200
24.06.2024 00:15:10.592,371.41799999999995,371.098,1200,500
24.06.2024 00:15:10.693,371.43000000000006,371.098,800,1200
24.06.2024 00:15:11.195,371.43399999999997,371.096,600,600
24.06.2024 00:15:12.700,371.426,371.092,700,500
24.06.2024 00:15:13.752,371.426,371.094,700,1200
24.06.2024 00:15:13.853,371.425,371.093,1000,1000
24.06.2024 00:15:19.428,371.434,371.091,2300,1100
24.06.2024 00:15:19.729,371.43,371.093,1300,1000
24.06.2024 00:15:20.430,371.4270000000001,371.093,600,800
24.06.2024 00:15:20.982,371.423,371.09,1400,1400
24.06.2024 00:15:21.483,371.415,371.092,900,1200
24.06.2024 00:15:23.588,371.42600000000004,371.09,600,900
24.06.2024 00:15:23.689,371.425,371.093,500,1100
24.06.2024 00:15:24.191,371.411,371.089,900,1200
24.06.2024 00:15:24.443,371.409,371.099,600,700
24.06.2024 00:15:25.395,371.411,371.094,600,1300
24.06.2024 00:15:25.548,371.396,371.096,500,1200
24.06.2024 00:15:25.653,371.372,371.065,1400,1400
24.06.2024 00:15:25.754,371.36799999999994,371.07,1100,1300
24.06.2024 00:15:26.657,371.38300000000004,371.06399999999996,600,700
24.06.2024 00:15:26.757,371.383,371.063,600,1100
24.06.2024 00:15:26.858,371.384,371.066,1400,1000
24.06.2024 00:15:27.460,371.384,371.068,1200,600
24.06.2024 00:15:29.716,371.375,371.068,1000,1400
24.06.2024 00:15:30.218,371.362,371.065,1300,1000
24.06.2024 00:15:30.319,371.35400000000004,371.07099999999997,1000,1200
24.06.2024 00:15:30.420,371.36300000000006,371.066,900,600
24.06.2024 00:15:30.521,371.345,371.06399999999996,1300,1100
24.06.2024 00:15:30.722,371.35200000000003,371.04900000000004,500,1300
24.06.2024 00:15:32.077,371.34499999999997,371.04900000000004,500,900
24.06.2024 00:15:32.328,371.349,371.0570000000001,800,1200
24.06.2024 00:15:32.479,371.356,371.04800000000006,1200,900
24.06.2024 00:15:32.780,371.347,371.05800000000005,1100,1000
24.06.2024 00:15:32.881,371.359,371.0520000000001,1200,1200
24.06.2024 00:15:33.082,371.377,371.05400000000003,500,1300
24.06.2024 00:15:33.183,371.36199999999997,371.04900000000004,1300,800
24.06.2024 00:15:33.284,371.371,371.05400000000003,800,900
24.06.2024 00:15:33.786,371.35800000000006,371.05500000000006,900,1200
24.06.2024 00:15:34.438,371.37300000000005,371.05000000000007,800,1300
24.06.2024 00:15:34.538,371.36899999999997,371.05600000000004,1000,800
24.06.2024 00:15:34.740,371.36800000000005,371.0570000000001,1400,600
24.06.2024 00:15:35.342,371.359,371.05400000000003,600,900
24.06.2024 00:15:35.544,371.354,371.05600000000004,500,1000
24.06.2024 00:15:36.146,371.355,371.0570000000001,900,1100
24.06.2024 00:15:36.247,371.359,371.05100000000004,1100,500
24.06.2024 00:15:37.751,371.358,371.04800000000006,1200,900
24.06.2024 00:15:38.053,371.3550000000001,371.05300000000005,800,700
24.06.2024 00:15:38.254,371.347,371.04900000000004,1300,400
24.06.2024 00:15:40.511,371.34999999999997,371.0570000000001,900,1200
24.06.2024 00:15:40.612,371.325,371.038,1200,600
24.06.2024 00:15:40.712,371.325,371.039,400,1100
24.06.2024 00:15:40.813,371.327,371.035,400,600
24.06.2024 00:15:41.014,371.329,371.034,500,1400
24.06.2024 00:15:41.518,371.339,371.04,1200,1100
24.06.2024 00:15:42.271,371.30400000000003,371.041,500,600
24.06.2024 00:15:42.372,371.284,371.032,900,400
24.06.2024 00:15:42.422,371.243,370.981,1000,800
24.06.2024 00:15:42.774,371.26200000000006,370.97799999999995,600,1200
24.06.2024 00:15:42.875,371.256,370.97299999999996,400,800
24.06.2024 00:15:42.976,371.24700000000007,370.98199999999997,1200,700
24.06.2024 00:15:43.177,371.235,370.975,700,150
24.06.2024 00:15:43.579,371.225,370.97,900,550
24.06.2024 00:15:43.680,371.225,370.975,900,50
24.06.2024 00:15:44.082,371.219,370.976,1200,350
24.06.2024 00:15:44.183,371.255,370.978,600,450
24.06.2024 00:15:44.586,371.257,370.898,700,1100
24.06.2024 00:15:45.088,371.246,370.91,1100,800
24.06.2024 00:15:45.189,371.254,370.90700000000004,900,1200
24.06.2024 00:15:54.912,371.25700000000006,370.905,900,900
24.06.2024 00:15:57.118,371.225,370.874,1200,700
24.06.2024 00:15:58.321,371.227,370.889,1200,500
24.06.2024 00:15:58.623,371.23,370.871,600,1200
24.06.2024 00:15:59.427,371.223,370.891,600,800
24.06.2024 00:16:00.078,371.225,370.876,600,400
24.06.2024 00:16:00.430,371.19599999999997,370.89,700,800
24.06.2024 00:16:00.531,371.227,370.878,1000,1100
24.06.2024 00:16:03.386,371.19800000000004,370.845,1000,1300
24.06.2024 00:16:03.938,371.168,370.82,600,900
24.06.2024 00:16:08.848,371.149,370.79299999999995,1200,1000
24.06.2024 00:16:21.575,371.14200000000005,370.79200000000003,1300,1200
24.06.2024 00:16:31.700,371.14700000000005,370.80199999999996,1200,1400
24.06.2024 00:16:35.761,371.14500000000004,370.834,1000,1100
24.06.2024 00:16:42.188,371.13800000000003,370.79699999999997,1000,600
24.06.2024 00:16:44.695,371.14000000000004,370.872,1200,1300
24.06.2024 00:16:44.795,371.14000000000004,370.80199999999996,900,500
24.06.2024 00:16:44.896,371.108,370.759,900,1100
24.06.2024 00:16:45.097,371.128,370.753,1100,1400
24.06.2024 00:16:45.198,371.16400000000004,370.82,1100,1000
24.06.2024 00:17:11.551,371.162,370.82599999999996,700,700
24.06.2024 00:17:23.573,371.231,370.883,1200,700
24.06.2024 00:17:23.724,371.229,370.98699999999997,800,1100
24.06.2024 00:17:25.777,371.227,370.881,1200,500
24.06.2024 00:17:29.737,371.29200000000003,370.94100000000003,1200,600
24.06.2024 00:17:29.988,371.295,371.04900000000004,1000,1100
24.06.2024 00:17:30.991,371.29400000000004,370.94300000000004,500,1100
24.06.2024 00:17:31.542,371.345,370.97299999999996,1300,500
24.06.2024 00:17:31.645,371.317,370.972,500,800
24.06.2024 00:17:31.746,371.323,371.07200000000006,700,800
24.06.2024 00:17:31.998,371.35900000000004,371.073,900,1200
24.06.2024 00:17:32.099,371.356,371.11,500,600
24.06.2024 00:17:34.206,371.381,371.11400000000003,1000,500
24.06.2024 00:17:34.256,371.355,371.11400000000003,1300,1400
24.06.2024 00:17:39.972,371.398,371.113,1100,1100
24.06.2024 00:17:40.174,371.398,371.141,600,900
24.06.2024 00:17:42.328,371.397,371.153,500,400
24.06.2024 00:17:42.630,371.419,371.146,800,500
24.06.2024 00:17:42.831,371.421,371.162,1400,800
24.06.2024 00:17:54.965,371.425,371.10999999999996,1000,800
24.06.2024 00:17:55.066,371.417,371.091,1200,600
24.06.2024 00:17:55.367,371.394,371.098,500,700
24.06.2024 00:17:55.468,371.38800000000003,371.038,500,1400
24.06.2024 00:18:04.892,371.39500000000004,371.041,600,700
24.06.2024 00:18:19.417,371.389,371.106,600,700
24.06.2024 00:18:19.618,371.39000000000004,371.15700000000004,1300,1200
24.06.2024 00:18:27.441,371.396,371.046,600,1100
24.06.2024 00:18:27.842,371.391,371.042,600,900
24.06.2024 00:18:28.644,371.387,371.093,1300,1300
24.06.2024 00:18:29.296,371.389,371.05,800,900
24.06.2024 00:18:41.571,371.391,371.04900000000004,1100,700
24.06.2024 00:18:56.355,371.35699999999997,371.021,700,1200
24.06.2024 00:18:57.008,371.331,370.98400000000004,700,1000
24.06.2024 00:19:01.469,371.304,370.959,600,1000
24.06.2024 00:19:11.540,371.304,370.951,800,1000
24.06.2024 00:19:14.148,371.264,370.92,800,1000
24.06.2024 00:19:31.189,371.24300000000005,370.89,700,800
24.06.2024 00:19:41.565,371.24300000000005,370.889,700,1400
24.06.2024 00:20:05.099,371.218,370.86400000000003,1400,1200
24.06.2024 00:20:07.759,371.19300000000004,370.84000000000003,400,600
24.06.2024 00:20:08.010,371.15299999999996,370.811,700,1200
24.06.2024 00:20:16.276,371.135,370.787,600,400
24.06.2024 00:20:16.377,371.135,370.851,500,800
24.06.2024 00:20:16.477,371.133,370.836,1100,1000
24.06.2024 00:20:18.232,371.13,370.788,1100,900
24.06.2024 00:20:28.703,371.13,370.833,700,600
24.06.2024 00:20:30.208,371.13599999999997,370.78000000000003,700,1000
24.06.2024 00:20:32.163,371.126,370.835,1000,400
24.06.2024 00:20:34.517,371.13,370.786,600,900
24.06.2024 00:20:40.280,371.13199999999995,370.838,800,1300
24.06.2024 00:20:47.036,371.13399999999996,370.78400000000005,1400,900
24.06.2024 00:20:47.639,371.135,370.834,900,1400
24.06.2024 00:20:57.718,371.126,370.783,1200,600
24.06.2024 00:20:58.020,371.131,370.838,1100,1000
24.06.2024 00:20:59.875,371.133,370.842,1000,1200
24.06.2024 00:21:00.278,371.135,370.78700000000003,900,1200
24.06.2024 00:21:00.379,371.131,370.848,1200,1000
24.06.2024 00:21:03.435,371.099,370.84499999999997,700,900
24.06.2024 00:21:03.636,371.09299999999996,370.843,1200,800
24.06.2024 00:21:03.737,371.096,370.848,1000,1100
24.06.2024 00:21:09.654,371.072,370.84499999999997,800,500
24.06.2024 00:21:10.257,371.04600000000005,370.849,1400,500
24.06.2024 00:21:57.221,371.019,370.84,1100,1000
24.06.2024 00:22:05.742,371.01599999999996,370.86800000000005,700,700
24.06.2024 00:22:09.300,371.04300000000006,370.869,1200,600
24.06.2024 00:22:20.356,371.07300000000004,370.867,1400,500
24.06.2024 00:22:22.812,371.10100000000006,370.862,500,600
24.06.2024 00:22:23.013,371.127,370.86600000000004,500,600
24.06.2024 00:22:25.820,371.13,370.787,900,1000
24.06.2024 00:22:26.472,371.181,370.838,500,1400
24.06.2024 00:22:41.559,371.177,370.83700000000005,700,1400
24.06.2024 00:22:47.922,371.181,370.82599999999996,900,800
24.06.2024 00:22:52.484,371.18,370.889,1000,1200
24.06.2024 00:22:52.585,371.184,370.823,900,600
24.06.2024 00:22:59.548,371.151,370.79699999999997,800,700
24.06.2024 00:23:01.507,371.11299999999994,370.767,700,2500
24.06.2024 00:23:01.559,371.116,370.76000000000005,700,700
24.06.2024 00:23:01.710,371.11199999999997,370.862,600,700
24.06.2024 00:23:05.689,371.109,370.874,500,600
24.06.2024 00:23:11.052,371.11499999999995,370.846,900,400
24.06.2024 00:23:19.472,371.092,370.841,1100,900
24.06.2024 00:23:19.523,371.11499999999995,370.84499999999997,500,1100
24.06.2024 00:23:30.700,371.086,370.841,500,600
24.06.2024 00:23:30.801,371.09000000000003,370.84900000000005,1200,900
24.06.2024 00:23:30.903,371.086,370.841,1200,900
24.06.2024 00:23:34.315,371.06300000000005,370.839,700,700
24.06.2024 00:23:34.616,371.033,370.84499999999997,1200,500
24.06.2024 00:23:44.143,371.067,370.849,700,600
24.06.2024 00:23:48.303,371.04300000000006,370.84,900,1300
24.06.2024 00:23:53.944,371.06,370.84499999999997,500,800
24.06.2024 00:23:58.107,371.095,370.846,1300,1000
24.06.2024 00:24:00.262,371.07,370.847,600,1100
24.06.2024 00:24:00.413,371.11500000000007,370.842,1400,600
24.06.2024 00:24:10.238,371.11300000000006,370.762,1400,700
24.06.2024 00:24:10.690,371.141,370.79499999999996,800,800
24.06.2024 00:24:10.840,371.16999999999996,370.818,600,500
24.06.2024 00:24:54.684,371.198,370.856,700,400
24.06.2024 00:24:55.486,371.202,370.898,800,700
24.06.2024 00:24:55.587,371.197,370.854,1200,1000
24.06.2024 00:25:00.148,371.226,370.913,1100,900
24.06.2024 00:25:00.250,371.227,370.88,600,900
24.06.2024 00:25:00.601,371.28600000000006,370.93399999999997,1300,700
24.06.2024 00:25:00.702,371.28900000000004,370.95599999999996,600,400
24.06.2024 00:25:00.903,371.293,370.96999999999997,1200,1100
24.06.2024 00:25:01.103,371.31800000000004,370.966,1000,500
24.06.2024 00:25:01.305,371.314,371.00499999999994,1400,500
24.06.2024 00:25:01.707,371.317,370.9870000000001,1000,1300
24.06.2024 00:25:02.008,371.312,371.007,1300,600
24.06.2024 00:25:02.209,371.31,370.969,1400,500
24.06.2024 00:25:07.621,371.346,370.993,700,1000
24.06.2024 00:25:08.022,371.376,371.026,1200,800
24.06.2024 00:25:08.825,371.36699999999996,371.066,1000,400
24.06.2024 00:25:09.226,371.36899999999997,371.05400000000003,1300,400
24.06.2024 00:25:22.164,371.37,371.021,600,700
24.06.2024 00:25:36.199,371.396,371.051,1300,700
24.06.2024 00:25:36.350,371.401,371.064,1200,900
24.06.2024 00:25:36.451,371.395,371.051,1000,1200
24.06.2024 00:25:37.805,371.425,371.078,500,1300
24.06.2024 00:25:47.549,371.46,371.11899999999997,800,1300
24.06.2024 00:25:58.481,371.45300000000003,371.114,1200,1800
24.06.2024 00:25:59.488,371.429,371.115,900,800
24.06.2024 00:25:59.689,371.42699999999996,371.077,1200,800
24.06.2024 00:26:00.892,371.42999999999995,371.095,1300,1100
24.06.2024 00:26:02.797,371.42699999999996,371.086,800,1300
24.06.2024 00:26:06.104,371.452,371.11300000000006,1000,1100
24.06.2024 00:26:06.305,371.42499999999995,371.081,1400,800
24.06.2024 00:26:24.189,371.42799999999994,371.111,1100,800
24.06.2024 00:26:25.443,371.424,371.11800000000005,1400,500
24.06.2024 00:26:31.305,371.424,371.104,500,700
24.06.2024 00:26:31.405,371.42499999999995,371.119,1000,1300
24.06.2024 00:26:32.007,371.431,371.103,1200,600
24.06.2024 00:26:33.161,371.424,371.07500000000005,1400,1200
24.06.2024 00:26:34.766,371.42299999999994,371.103,900,1200
24.06.2024 00:26:35.617,371.42999999999995,371.07800000000003,900,1300
24.06.2024 00:26:39.475,371.42799999999994,371.112,800,1200
24.06.2024 00:26:40.178,371.42299999999994,371.114,700,400
24.06.2024 00:26:40.279,371.42499999999995,371.117,1200,1300
24.06.2024 00:26:42.733,371.42499999999995,371.114,1300,1200
24.06.2024 00:26:43.235,371.431,371.11400000000003,1300,1300
24.06.2024 00:26:43.336,371.42199999999997,371.083,1200,900
24.06.2024 00:26:45.088,371.429,371.104,1000,1200
24.06.2024 00:26:45.589,371.429,371.123,600,1400
24.06.2024 00:26:46.593,371.431,371.11600000000004,700,1200
24.06.2024 00:26:47.646,371.42699999999996,371.121,600,1000
24.06.2024 00:26:47.846,371.431,371.11600000000004,1200,1300
24.06.2024 00:26:48.048,371.42799999999994,371.116,1100,900
24.06.2024 00:26:49.451,371.42199999999997,371.10800000000006,600,800
24.06.2024 00:26:49.602,371.42499999999995,371.082,700,1400
24.06.2024 00:26:50.704,371.42799999999994,371.11400000000003,1000,1000
24.06.2024 00:26:50.905,371.426,371.08500000000004,900,1100
24.06.2024 00:26:51.556,371.424,371.085,1100,1100
24.06.2024 00:26:54.662,371.42299999999994,371.107,600,900
24.06.2024 00:26:54.763,371.426,371.112,500,1400
24.06.2024 00:26:55.165,371.42999999999995,371.084,1200,1000
24.06.2024 00:26:56.270,371.42799999999994,371.11300000000006,1300,1400
24.06.2024 00:26:56.570,371.426,371.084,1000,1100
24.06.2024 00:26:58.425,371.42799999999994,371.11800000000005,600,1000
24.06.2024 00:26:58.927,371.42299999999994,371.124,600,700
24.06.2024 00:26:59.129,371.424,371.10900000000004,700,1300
24.06.2024 00:26:59.230,371.431,371.11100000000005,1000,1000
24.06.2024 00:27:00.783,371.431,371.11800000000005,700,1100
24.06.2024 00:27:00.884,371.42699999999996,371.112,600,900
24.06.2024 00:27:00.985,371.42499999999995,371.078,1100,1300
24.06.2024 00:27:01.537,371.42999999999995,371.084,1100,1200
24.06.2024 00:27:02.991,371.42299999999994,371.105,1400,1200
24.06.2024 00:27:05.247,371.431,371.076,1000,600
24.06.2024 00:27:06.950,371.42799999999994,371.12300000000005,400,1300
24.06.2024 00:27:07.101,371.443,371.121,1300,1300
24.06.2024 00:27:07.152,371.44699999999995,371.12000000000006,400,800
24.06.2024 00:27:07.253,371.44899999999996,371.12,1400,900
24.06.2024 00:27:08.306,371.45,371.118,400,700
24.06.2024 00:27:09.009,371.44699999999995,371.127,1200,1000
24.06.2024 00:27:09.210,371.45,371.12199999999996,700,1000
24.06.2024 00:27:12.467,371.44699999999995,371.124,500,900
24.06.2024 00:27:12.969,371.45,371.118,1300,1300
24.06.2024 00:27:14.796,371.44899999999996,371.132,600,1200
24.06.2024 00:27:14.998,371.45099999999996,371.172,1100,1300
24.06.2024 00:27:15.149,371.445,371.15400000000005,1000,1000
24.06.2024 00:27:15.650,371.436,371.151,1400,1200
24.06.2024 00:27:16.151,371.44,371.14000000000004,1100,700
24.06.2024 00:27:17.460,371.436,371.153,500,600
24.06.2024 00:27:17.762,371.44,371.137,1300,1000
24.06.2024 00:27:17.963,371.439,371.133,800,800
24.06.2024 00:27:18.614,371.44,371.13599999999997,1400,1200
24.06.2024 00:27:23.373,371.437,371.14000000000004,600,900
24.06.2024 00:27:23.474,371.44,371.13500000000005,700,400
24.06.2024 00:27:23.675,371.439,371.146,1400,600
24.06.2024 00:27:23.876,371.442,371.129,800,600
24.06.2024 00:27:25.934,371.439,371.12800000000004,600,1100
24.06.2024 00:27:29.942,371.445,371.127,500,800
24.06.2024 00:27:29.992,371.44199999999995,371.154,800,1100
24.06.2024 00:27:30.093,371.44199999999995,371.15999999999997,1100,1400
24.06.2024 00:27:30.294,371.44699999999995,371.147,700,1100
24.06.2024 00:27:30.595,371.445,371.182,700,1400
24.06.2024 00:27:31.999,371.44199999999995,371.177,900,500
24.06.2024 00:27:32.201,371.44599999999997,371.174,1000,900
24.06.2024 00:27:32.502,371.44899999999996,371.175,500,1300
24.06.2024 00:27:34.057,371.441,371.1720000000001,1000,1000
24.06.2024 00:27:35.260,371.45,371.18,600,1200
24.06.2024 00:27:37.164,371.441,371.174,1000,800
24.06.2024 00:27:37.315,371.44399999999996,371.16900000000004,1100,800
24.06.2024 00:27:38.919,371.443,371.185,600,500
24.06.2024 00:27:39.020,371.441,371.18300000000005,900,600
24.06.2024 00:27:39.321,371.445,371.184,1000,700
24.06.2024 00:27:39.522,371.45,371.184,800,800
24.06.2024 00:27:40.576,371.44199999999995,371.159,1300,1000
24.06.2024 00:27:41.679,371.448,371.15000000000003,1000,800
24.06.2024 00:27:42.081,371.445,371.16,500,800
24.06.2024 00:27:42.935,371.45099999999996,371.166,800,800
24.06.2024 00:27:43.537,371.44699999999995,371.155,1300,500
24.06.2024 00:27:43.638,371.44399999999996,371.166,1200,1200
24.06.2024 00:27:44.642,371.44699999999995,371.158,1300,800
24.06.2024 00:27:45.044,371.44199999999995,371.14799999999997,1000,700
24.06.2024 00:27:45.145,371.44599999999997,371.13800000000003,800,700
24.06.2024 00:27:47.000,371.44599999999997,371.167,700,1200
24.06.2024 00:27:47.201,371.448,371.17,800,1200
24.06.2024 00:27:47.302,371.45,371.16499999999996,700,500
24.06.2024 00:27:48.859,371.443,371.176,700,1400
24.06.2024 00:27:49.060,371.45,371.16100000000006,600,400
24.06.2024 00:27:49.161,371.443,371.14799999999997,500,1400
24.06.2024 00:27:49.563,371.443,371.159,1300,700
24.06.2024 00:27:50.516,371.43199999999996,371.161,1200,800
24.06.2024 00:27:50.567,371.43699999999995,371.157,700,1200
24.06.2024 00:27:50.668,371.43399999999997,371.13000000000005,1200,1300
24.06.2024 00:27:50.769,371.435,371.111,1200,600
24.06.2024 00:27:51.171,371.435,371.106,1200,1300
24.06.2024 00:27:53.428,371.436,371.077,900,800
24.06.2024 00:27:58.703,371.37999999999994,371.017,900,400
24.06.2024 00:27:59.306,371.345,370.984,1100,800
24.06.2024 00:28:04.975,371.345,370.97800000000007,900,1100
24.06.2024 00:28:11.593,371.32099999999997,370.953,800,900
24.06.2024 00:28:21.725,371.32199999999995,370.953,1100,800
24.06.2024 00:28:31.749,371.32199999999995,370.951,700,600
24.06.2024 00:28:41.726,371.31499999999994,370.94599999999997,1200,700
24.06.2024 00:29:09.839,371.316,370.99499999999995,1000,1100
24.06.2024 00:29:10.141,371.31499999999994,370.95099999999996,1200,400
24.06.2024 00:29:11.543,371.31299999999993,370.94500000000005,1000,1200
24.06.2024 00:29:20.872,371.31499999999994,370.99299999999994,800,900
24.06.2024 00:29:21.173,371.31899999999996,370.946,800,1100
24.06.2024 00:29:21.574,371.31899999999996,370.951,1300,500
24.06.2024 00:29:21.875,371.31699999999995,371.017,900,1400
24.06.2024 00:29:22.577,371.31899999999996,370.948,500,700
24.06.2024 00:29:23.429,371.31499999999994,371.04300000000006,800,1300
24.06.2024 00:29:23.831,371.31499999999994,371.071,900,1000
24.06.2024 00:29:24.032,371.342,371.07200000000006,1200,600
24.06.2024 00:29:24.083,371.39700000000005,371.07200000000006,2300,500
24.06.2024 00:29:24.133,371.396,371.07099999999997,2300,400
24.06.2024 00:29:24.234,371.401,371.03299999999996,700,800
24.06.2024 00:29:24.535,371.404,371.08000000000004,600,700
24.06.2024 00:29:24.636,371.404,371.029,1100,600
24.06.2024 00:29:25.839,371.4,371.106,600,1000
24.06.2024 00:29:26.141,371.433,371.109,400,1100
24.06.2024 00:29:26.342,371.43,371.097,1200,1100
24.06.2024 00:29:26.643,371.431,371.056,500,400
24.06.2024 00:29:28.799,371.43,371.10900000000004,600,500
24.06.2024 00:29:29.402,371.434,371.09499999999997,900,600
24.06.2024 00:29:30.205,371.43,371.113,600,500
24.06.2024 00:29:30.356,371.43899999999996,371.116,1100,1100
24.06.2024 00:29:30.407,371.431,371.115,700,700
24.06.2024 00:29:30.508,371.43899999999996,371.11500000000007,1300,700
24.06.2024 00:29:33.665,371.43699999999995,371.132,1400,1300
24.06.2024 00:29:33.766,371.441,371.11300000000006,600,1100
24.06.2024 00:29:34.268,371.433,371.111,400,1000
24.06.2024 00:29:40.211,371.435,371.11600000000004,1100,500
24.06.2024 00:29:40.412,371.438,371.143,800,1200
24.06.2024 00:29:47.130,371.438,371.126,900,900
24.06.2024 00:29:48.590,371.441,371.10200000000003,600,600
24.06.2024 00:29:49.496,371.408,371.10600000000005,1000,700
24.06.2024 00:29:49.597,371.40500000000003,371.086,1200,1200
24.06.2024 00:29:55.407,371.404,371.09799999999996,600,500
24.06.2024 00:29:59.666,371.408,371.1,1200,700
24.06.2024 00:30:00.169,371.406,371.11899999999997,1000,500
24.06.2024 00:30:00.382,371.40500000000003,371.09000000000003,400,900
24.06.2024 00:30:03.088,371.401,371.1,900,600
24.06.2024 00:30:03.189,371.403,371.097,1000,1300
24.06.2024 00:30:05.144,371.402,371.097,1000,500
24.06.2024 00:30:09.202,371.406,371.09200000000004,1400,1300
24.06.2024 00:30:09.303,371.403,371.101,800,1300
24.06.2024 00:30:10.005,371.407,371.094,900,500
24.06.2024 00:30:11.709,371.409,371.08900000000006,500,1100
24.06.2024 00:30:17.221,371.409,371.09900000000005,500,1100
24.06.2024 00:30:17.372,371.402,371.101,1000,1200
24.06.2024 00:30:17.674,371.402,371.095,800,800
24.06.2024 00:30:18.076,371.407,371.09700000000004,1400,400
24.06.2024 00:30:18.176,371.404,371.094,900,900
24.06.2024 00:30:18.277,371.407,371.101,1200,700
24.06.2024 00:30:18.378,371.408,371.10799999999995,500,1200
24.06.2024 00:30:20.202,371.402,371.093,800,1200
24.06.2024 00:30:20.303,371.406,371.095,500,1200
24.06.2024 00:30:20.404,371.407,371.101,700,1000
24.06.2024 00:30:20.505,371.409,371.09000000000003,1400,900
24.06.2024 00:30:20.757,371.401,371.115,500,900
24.06.2024 00:30:20.908,371.40500000000003,371.135,900,1400
24.06.2024 00:30:22.262,371.404,371.141,600,700
24.06.2024 00:30:22.463,371.406,371.132,900,600
24.06.2024 00:30:24.720,371.402,371.136,1200,1400
24.06.2024 00:30:27.532,371.406,371.138,500,700
24.06.2024 00:30:27.633,371.407,371.139,1300,800
24.06.2024 00:30:29.688,371.406,371.152,1200,1100
24.06.2024 00:30:31.442,371.41,371.148,700,900
24.06.2024 00:30:33.148,371.402,371.151,1100,400
24.06.2024 00:30:33.249,371.41,371.14200000000005,600,1400
24.06.2024 00:30:34.152,371.40500000000003,371.15700000000004,900,800
24.06.2024 00:30:34.854,371.41,371.14,900,600
24.06.2024 00:30:34.905,371.409,371.147,500,400
24.06.2024 00:30:35.056,371.40500000000003,371.16600000000005,500,800
24.06.2024 00:30:35.458,371.41,371.17999999999995,1200,600
24.06.2024 00:30:35.559,371.404,371.17299999999994,500,1300
24.06.2024 00:30:35.660,371.404,371.16900000000004,500,700
24.06.2024 00:30:37.215,371.40500000000003,371.163,900,500
24.06.2024 00:30:37.416,371.403,371.146,400,500
24.06.2024 00:30:37.718,371.407,371.153,700,600
24.06.2024 00:30:38.722,371.403,371.14900000000006,600,1100
24.06.2024 00:30:40.127,371.408,371.16799999999995,1100,1200
24.06.2024 00:30:40.879,371.403,371.15299999999996,900,900
24.06.2024 00:30:41.582,371.411,371.177,800,800
24.06.2024 00:30:44.540,371.407,371.16200000000003,900,500
24.06.2024 00:30:44.640,371.404,371.134,1300,1200
24.06.2024 00:30:44.842,371.404,371.135,700,700
24.06.2024 00:30:45.544,371.404,371.146,900,800
24.06.2024 00:30:46.146,371.407,371.13500000000005,1100,700
24.06.2024 00:30:49.506,371.402,371.135,800,1200
24.06.2024 00:30:49.808,371.403,371.12000000000006,900,400
24.06.2024 00:30:51.764,371.409,371.129,700,600
24.06.2024 00:30:52.166,371.401,371.144,400,400
24.06.2024 00:30:52.267,371.411,371.14500000000004,400,1400
24.06.2024 00:30:52.468,371.409,371.132,1200,800
24.06.2024 00:30:54.674,371.409,371.151,1400,1100
24.06.2024 00:30:55.928,371.41,371.158,500,700
24.06.2024 00:30:56.129,371.41,371.158,700,400
24.06.2024 00:30:57.734,371.40500000000003,371.153,800,500
24.06.2024 00:30:57.834,371.407,371.156,1000,1100
24.06.2024 00:30:58.035,371.40500000000003,371.154,400,1200
24.06.2024 00:31:04.301,371.401,371.125,900,800
24.06.2024 00:31:04.402,371.411,371.13,1100,800
24.06.2024 00:31:04.503,371.404,371.124,1100,900
24.06.2024 00:31:04.604,371.404,371.11800000000005,1400,800
24.06.2024 00:31:04.655,371.372,371.11600000000004,500,900
24.06.2024 00:31:04.705,371.367,371.106,1000,1100
24.06.2024 00:31:04.806,371.347,370.968,800,3000
24.06.2024 00:31:04.907,371.348,371.045,500,1300
24.06.2024 00:31:05.008,371.346,370.968,1300,2300
24.06.2024 00:31:05.109,371.34499999999997,371.03700000000003,1400,400
24.06.2024 00:31:05.209,371.34499999999997,370.962,1000,2500
24.06.2024 00:31:05.460,371.348,370.96500000000003,700,2700
24.06.2024 00:31:05.711,371.34,370.955,600,600
24.06.2024 00:31:10.309,371.30500000000006,370.91800000000006,800,3200
24.06.2024 00:31:10.510,371.30600000000004,370.923,1000,1100
24.06.2024 00:31:10.761,371.309,370.92500000000007,700,2400
24.06.2024 00:31:11.013,371.30800000000005,370.92,700,800
24.06.2024 00:31:11.866,371.27,370.894,1200,3100
24.06.2024 00:31:12.017,371.27,370.88599999999997,500,1400
24.06.2024 00:31:18.439,371.267,370.891,800,2300
24.06.2024 00:31:18.690,371.271,370.889,800,2600
24.06.2024 00:31:20.393,371.271,370.885,1000,2900
24.06.2024 00:31:21.294,371.275,370.884,600,400
24.06.2024 00:31:24.101,371.276,370.89099999999996,1000,2500
24.06.2024 00:31:24.352,371.271,370.886,1200,3100
24.06.2024 00:31:25.855,371.269,370.89,700,3599.9999
24.06.2024 00:31:29.717,371.194,370.85,1400,2600
24.06.2024 00:31:29.918,371.196,370.81499999999994,500,1100
24.06.2024 00:31:30.469,371.16900000000004,370.783,400,1100
24.06.2024 00:31:36.281,371.17400000000004,370.78999999999996,800,2300
24.06.2024 00:31:36.532,371.16600000000005,370.79,1100,2400
24.06.2024 00:31:36.783,371.208,370.823,700,1400
24.06.2024 00:31:50.264,371.213,370.83099999999996,700,400
24.06.2024 00:32:01.553,371.211,370.823,400,1300
24.06.2024 00:32:11.581,371.208,370.83000000000004,600,1100
24.06.2024 00:32:15.787,371.187,370.80000000000007,600,900
24.06.2024 00:32:16.939,371.15999999999997,370.77799999999996,1300,900
24.06.2024 00:32:27.062,371.15299999999996,370.785,1200,2900
24.06.2024 00:32:27.164,371.161,370.964,1000,1100
24.06.2024 00:32:27.266,371.159,370.989,700,400
24.06.2024 00:32:28.169,371.23499999999996,370.991,1300,1000
24.06.2024 00:32:28.269,371.204,370.98799999999994,700,600
24.06.2024 00:32:28.972,371.269,370.98999999999995,400,900
24.06.2024 00:32:29.023,371.24600000000004,370.98999999999995,400,800
24.06.2024 00:32:29.173,371.24600000000004,370.86299999999994,600,600
24.06.2024 00:32:29.374,371.24000000000007,370.989,700,1100
24.06.2024 00:32:29.976,371.24500000000006,370.85799999999995,1300,900
24.06.2024 00:32:38.975,371.23999999999995,370.86600000000004,1300,400
24.06.2024 00:32:51.560,371.24500000000006,370.86600000000004,800,900
24.06.2024 00:33:00.484,371.19700000000006,370.838,1000,2600
24.06.2024 00:33:00.536,371.199,370.819,500,1000
24.06.2024 00:33:02.491,371.137,370.79200000000003,900,2500
24.06.2024 00:33:02.742,371.141,370.77700000000004,600,2700
24.06.2024 00:33:02.993,371.136,370.782,1300,2500
24.06.2024 00:33:03.244,371.14000000000004,370.785,800,3100
24.06.2024 00:33:04.096,371.14300000000003,370.776,400,3200
24.06.2024 00:33:04.498,371.141,370.776,700,2500
24.06.2024 00:33:04.749,371.13800000000003,370.78200000000004,700,2600
24.06.2024 00:33:05.000,371.14300000000003,370.764,1400,2500
24.06.2024 00:33:05.251,371.137,370.769,1200,2600
24.06.2024 00:33:05.503,371.13800000000003,370.76099999999997,1100,900
24.06.2024 00:33:06.507,371.13800000000003,370.766,800,2800
24.06.2024 00:33:06.758,371.139,370.764,700,2500
24.06.2024 00:33:07.810,371.136,370.75699999999995,700,800
24.06.2024 00:33:07.964,371.10999999999996,370.75399999999996,700,2900
24.06.2024 00:33:08.015,371.10699999999997,370.736,900,800
24.06.2024 00:33:14.330,371.076,370.69800000000004,800,1200
24.06.2024 00:33:14.481,371.081,370.766,1200,150
24.06.2024 00:33:40.715,371.076,370.699,1300,800
24.06.2024 00:33:41.868,371.077,370.773,900,450
24.06.2024 00:34:01.717,371.084,370.77500000000003,1100,-50
24.06.2024 00:34:01.818,371.0570000000001,370.773,900,50
24.06.2024 00:34:24.015,371.0570000000001,370.68800000000005,600,2900
24.06.2024 00:34:24.066,371.05800000000005,370.672,900,400
24.06.2024 00:34:24.919,371.029,370.65000000000003,800,1200
24.06.2024 00:34:25.020,371.034,370.733,1000,800
24.06.2024 00:34:25.121,371.032,370.722,600,1000
24.06.2024 00:34:25.723,371.023,370.719,1000,1200
24.06.2024 00:34:28.778,371.024,370.724,1000,1200
24.06.2024 00:34:29.782,371.022,370.718,1300,1000
24.06.2024 00:34:29.884,371.03,370.719,700,600
24.06.2024 00:34:29.985,371.03,370.70700000000005,500,700
24.06.2024 00:34:30.587,371.011,370.70099999999996,900,400
24.06.2024 00:34:30.689,371.026,370.642,1300,1100
24.06.2024 00:34:32.843,371.01,370.6820000000001,800,250
24.06.2024 00:34:33.144,371.032,370.64300000000003,1200,800
24.06.2024 00:34:36.250,371.00499999999994,370.62100000000004,1300,400
24.06.2024 00:34:36.451,370.997,370.65600000000006,700,800
24.06.2024 00:34:36.903,370.98699999999997,370.66100000000006,1000,1100
24.06.2024 00:34:37.004,370.99799999999993,370.62300000000005,800,1400
24.06.2024 00:34:42.266,370.98900000000003,370.66300000000007,600,1000
24.06.2024 00:34:42.467,371.001,370.66200000000003,700,700
24.06.2024 00:34:42.668,370.99799999999993,370.65700000000004,1600,1100
24.06.2024 00:34:44.272,370.99799999999993,370.624,600,1200
24.06.2024 00:34:48.882,371.00699999999995,370.683,1200,600
24.06.2024 00:34:51.487,370.99899999999997,370.7,600,1100
24.06.2024 00:34:51.588,371.00199999999995,370.706,1400,900
24.06.2024 00:34:54.894,371.00699999999995,370.696,800,900
24.06.2024 00:34:59.253,370.99799999999993,370.62,500,700
24.06.2024 00:35:01.210,371.006,370.68899999999996,500,800
24.06.2024 00:35:06.429,371.025,370.69,1100,1300
24.06.2024 00:35:06.480,371.038,370.714,1000,700
24.06.2024 00:35:06.581,371.05100000000004,370.714,1400,1300
24.06.2024 00:35:06.782,371.04800000000006,370.71299999999997,800,500
24.06.2024 00:35:07.484,371.049,370.719,1000,600
24.06.2024 00:35:08.087,371.057,370.73,1000,1100
24.06.2024 00:35:08.187,371.058,370.67499999999995,1000,1100
24.06.2024 00:35:08.640,371.06,370.734,600,1200
24.06.2024 00:35:09.242,371.056,370.667,700,1100
24.06.2024 00:35:19.671,371.025,370.642,600,2800
24.06.2024 00:35:19.772,371.029,370.71299999999997,1200,700
24.06.2024 00:35:19.873,370.99699999999996,370.704,400,1000
24.06.2024 00:35:19.924,371.00399999999996,370.702,800,600
24.06.2024 00:35:19.974,370.976,370.699,1100,800
24.06.2024 00:35:20.075,370.98199999999997,370.67299999999994,900,700
24.06.2024 00:35:22.383,370.981,370.67100000000005,400,800
24.06.2024 00:35:22.484,370.97999999999996,370.664,700,1100
24.06.2024 00:35:22.736,370.951,370.657,1400,800
24.06.2024 00:35:22.887,370.945,370.656,1200,1200
24.06.2024 00:35:22.988,370.951,370.65500000000003,1200,1000
24.06.2024 00:35:25.096,370.947,370.565,1200,1100
24.06.2024 00:35:25.197,370.921,370.547,500,600
24.06.2024 00:35:25.298,370.92199999999997,370.627,700,1100
24.06.2024 00:35:32.618,370.92299999999994,370.626,500,800
24.06.2024 00:35:33.421,370.926,370.624,400,600
24.06.2024 00:35:35.377,370.919,370.63,1000,1300
24.06.2024 00:35:35.578,370.921,370.627,600,1200
24.06.2024 00:35:39.037,370.924,370.63500000000005,1300,500
24.06.2024 00:35:41.494,370.924,370.63,500,1100
24.06.2024 00:35:44.281,370.951,370.634,1100,1100
24.06.2024 00:35:44.432,370.946,370.643,1300,500
24.06.2024 00:35:44.532,370.946,370.56800000000004,1000,1200
24.06.2024 00:35:44.734,370.946,370.634,600,500
24.06.2024 00:35:44.835,370.946,370.569,900,1200
24.06.2024 00:35:51.707,370.946,370.651,800,1300
24.06.2024 00:35:52.109,370.949,370.655,1300,1200
24.06.2024 00:35:52.209,370.944,370.653,1100,1300
24.06.2024 00:35:52.410,370.943,370.659,400,1300
24.06.2024 00:35:52.712,370.943,370.663,900,1300
24.06.2024 00:35:52.813,370.95,370.654,700,1200
24.06.2024 00:35:57.077,370.915,370.661,1200,1300
24.06.2024 00:35:59.183,370.92400000000004,370.648,1200,900
24.06.2024 00:35:59.334,370.92400000000004,370.652,1100,1000
24.06.2024 00:35:59.435,370.916,370.65000000000003,1100,1100
24.06.2024 00:36:02.594,370.922,370.645,400,600
24.06.2024 00:36:03.798,370.91700000000003,370.644,1000,1300
24.06.2024 00:36:04.300,370.923,370.65500000000003,800,1200
24.06.2024 00:36:04.801,370.918,370.661,1300,700
24.06.2024 00:36:05.303,370.943,370.656,1300,1300
24.06.2024 00:36:05.404,370.946,370.647,500,1000
24.06.2024 00:36:05.705,370.948,370.65500000000003,800,1200
24.06.2024 00:36:05.957,370.947,370.678,400,1300
24.06.2024 00:36:11.419,370.947,370.6720000000001,1300,1400
24.06.2024 00:36:12.273,370.949,370.65500000000003,900,400
24.06.2024 00:36:13.978,370.944,370.66300000000007,400,800
24.06.2024 00:36:14.079,370.948,370.65200000000004,700,800
24.06.2024 00:36:19.494,370.949,370.66800000000006,800,1100
24.06.2024 00:36:19.595,370.947,370.7,800,1300
24.06.2024 00:36:19.696,370.948,370.65400000000005,700,1100
24.06.2024 00:36:22.205,370.944,370.636,700,1000
24.06.2024 00:36:35.363,370.948,370.652,800,500
24.06.2024 00:36:35.464,370.946,370.67500000000007,400,1200
24.06.2024 00:36:36.871,370.948,370.668,1000,1100
24.06.2024 00:36:41.584,370.943,370.664,500,400
24.06.2024 00:36:42.388,370.951,370.654,700,500
24.06.2024 00:36:42.689,370.946,370.646,1000,900
24.06.2024 00:36:48.554,370.943,370.651,1300,1000
24.06.2024 00:36:48.708,370.949,370.667,600,1000
24.06.2024 00:36:48.908,370.949,370.675,700,1400
24.06.2024 00:36:49.009,370.949,370.668,900,400
24.06.2024 00:36:50.762,370.99,370.671,1200,1100
24.06.2024 00:36:50.813,370.98199999999997,370.68600000000004,400,1200
24.06.2024 00:36:50.914,371.036,370.72800000000007,700,900
24.06.2024 00:36:51.015,371.038,370.658,1400,1300
24.06.2024 00:37:11.561,371.038,370.65700000000004,800,900
24.06.2024 00:37:16.222,371.03700000000003,370.794,1300,1300
24.06.2024 00:37:16.324,371.043,370.78900000000004,1200,900
24.06.2024 00:37:16.425,371.07800000000003,370.791,1000,900
24.06.2024 00:37:16.526,371.093,370.82899999999995,1000,400
24.06.2024 00:37:16.877,371.099,370.83099999999996,1000,900
24.06.2024 00:37:17.379,371.091,370.824,900,700
24.06.2024 00:37:17.880,371.137,370.826,1100,1400
24.06.2024 00:37:17.981,371.145,370.825,900,500
24.06.2024 00:37:18.082,371.14099999999996,370.858,700,1100
24.06.2024 00:37:18.183,371.137,370.846,600,900
24.06.2024 00:37:18.434,371.17,370.853,1300,700
24.06.2024 00:37:18.485,371.165,370.857,800,500
24.06.2024 00:37:18.610,371.171,370.78400000000005,1000,1100
24.06.2024 00:37:25.880,371.168,370.83799999999997,1000,1100
24.06.2024 00:37:26.283,371.173,370.79,500,600
24.06.2024 00:37:29.142,371.172,370.872,1300,1300
24.06.2024 00:37:29.243,371.207,370.88,600,700
24.06.2024 00:37:29.344,371.21000000000004,370.821,1000,1200
24.06.2024 00:37:29.445,371.209,370.914,800,1000
24.06.2024 00:37:31.601,371.209,370.91700000000003,900,500
24.06.2024 00:37:32.205,371.241,370.913,500,1000
24.06.2024 00:37:32.305,371.233,370.85200000000003,700,1200
24.06.2024 00:37:37.621,371.23199999999997,370.943,1100,1200
24.06.2024 00:37:37.823,371.231,370.94800000000004,700,1100
24.06.2024 00:37:38.425,371.28000000000003,370.954,1100,1000
24.06.2024 00:37:38.627,371.286,370.994,800,1400
24.06.2024 00:37:49.252,371.323,371.00200000000007,1400,1100
24.06.2024 00:37:49.353,371.323,371.034,1100,900
24.06.2024 00:37:59.780,371.32,371.036,1000,1200
24.06.2024 00:38:00.132,371.29,371.03499999999997,1400,1000
24.06.2024 00:38:00.182,371.283,370.901,1300,400
24.06.2024 00:38:11.544,371.289,370.89799999999997,1100,500
24.06.2024 00:38:52.463,371.216,370.84000000000003,1400,1300
24.06.2024 00:38:54.720,371.181,370.8020000000001,1400,1100
24.06.2024 00:38:56.123,371.154,370.764,900,1000
24.06.2024 00:39:09.784,371.142,370.80600000000004,1300,850
24.06.2024 00:39:10.086,371.149,370.77,1100,700
24.06.2024 00:39:15.605,371.13300000000004,370.793,1300,600
24.06.2024 00:39:15.706,371.15299999999996,370.764,1100,800
24.06.2024 00:39:16.007,371.13800000000003,370.803,600,650
24.06.2024 00:39:16.608,371.155,370.767,500,700
24.06.2024 00:39:17.009,371.13599999999997,370.80199999999996,600,350
24.06.2024 00:39:17.210,371.131,370.794,1000,350
24.06.2024 00:39:17.612,371.12199999999996,370.79699999999997,800,250
24.06.2024 00:39:17.712,371.126,370.789,900,750
24.06.2024 00:39:17.913,371.15299999999996,370.771,700,600
24.06.2024 00:39:23.730,371.11999999999995,370.78200000000004,1100,750
24.06.2024 00:39:23.831,371.121,370.73400000000004,800,1000
24.06.2024 00:39:25.284,371.11799999999994,370.736,1100,2300
24.06.2024 00:39:25.537,371.11999999999995,370.7830000000001,700,650
24.06.2024 00:39:25.738,371.105,370.78700000000003,1300,650
24.06.2024 00:39:27.192,371.106,370.78700000000003,1200,450
24.06.2024 00:39:31.451,371.11299999999994,370.73800000000006,800,1200
24.06.2024 00:39:34.206,371.10900000000004,370.78700000000003,1200,-50
24.06.2024 00:39:40.121,371.106,370.78200000000004,1200,-50
24.06.2024 00:39:41.574,371.12200000000007,370.7830000000001,1300,450
24.06.2024 00:39:41.675,371.11500000000007,370.73,600,900
24.06.2024 00:40:01.536,371.116,370.73600000000005,1100,1300
24.06.2024 00:40:07.603,371.11999999999995,370.812,600,1000
24.06.2024 00:40:08.105,371.114,370.737,1000,500
24.06.2024 00:40:08.256,371.11499999999995,370.813,1000,700
24.06.2024 00:40:08.357,371.11999999999995,370.732,900,1400
24.06.2024 00:40:08.458,371.12199999999996,370.80699999999996,1000,500
24.06.2024 00:40:09.260,371.116,370.735,1300,1300
24.06.2024 00:40:09.361,371.11799999999994,370.808,1000,1000
24.06.2024 00:40:10.565,371.121,370.73900000000003,1100,700
24.06.2024 00:40:11.719,371.11400000000003,370.73600000000005,1000,600
24.06.2024 00:40:13.725,371.1170000000001,370.815,1000,800
24.06.2024 00:40:15.380,371.119,370.735,700,1200
24.06.2024 00:40:20.754,371.12000000000006,370.80100000000004,800,400
24.06.2024 00:40:21.456,371.11800000000005,370.72900000000004,1100,600
24.06.2024 00:40:21.707,371.114,370.732,1100,500
24.06.2024 00:40:31.731,371.121,370.73900000000003,900,900
24.06.2024 00:40:34.739,371.069,370.684,400,1100
24.06.2024 00:40:40.152,371.04400000000004,370.661,700,900
24.06.2024 00:40:40.955,371.021,370.63,900,900
24.06.2024 00:40:48.270,370.988,370.653,1000,900
24.06.2024 00:40:54.693,370.98900000000003,370.641,1200,1100
24.06.2024 00:40:54.894,371.01800000000003,370.627,400,1300
24.06.2024 00:40:56.950,370.959,370.628,700,800
24.06.2024 00:40:57.051,371.02000000000004,370.62800000000004,1200,1100
24.06.2024 00:40:59.357,371.006,370.65600000000006,900,1200
24.06.2024 00:40:59.508,371.012,370.63,1400,1400
24.06.2024 00:41:02.767,370.99100000000004,370.602,700,600
24.06.2024 00:41:04.271,370.98900000000003,370.66400000000004,1100,400
24.06.2024 00:41:04.772,370.99100000000004,370.602,1000,1300
24.06.2024 00:41:05.826,370.974,370.65500000000003,600,1300
24.06.2024 00:41:07.330,370.97100000000006,370.64500000000004,1200,900
24.06.2024 00:41:07.431,370.98199999999997,370.64700000000005,400,600
24.06.2024 00:41:09.488,370.99300000000005,370.604,1100,1000
24.06.2024 00:41:09.789,370.98199999999997,370.64000000000004,1100,1200
24.06.2024 00:41:09.990,370.977,370.64200000000005,1300,700
24.06.2024 00:41:10.192,370.97900000000004,370.639,700,900
24.06.2024 00:41:10.393,370.985,370.64700000000005,1300,1100
24.06.2024 00:41:11.597,370.98900000000003,370.6,700,700
24.06.2024 00:41:15.758,370.99300000000005,370.656,1300,1400
24.06.2024 00:41:18.616,370.992,370.599,500,1000
24.06.2024 00:41:24.736,370.97200000000004,370.658,1200,900
24.06.2024 00:41:27.342,370.98199999999997,370.656,800,600
24.06.2024 00:41:27.443,370.981,370.655,1000,1000
24.06.2024 00:41:27.644,370.98199999999997,370.64500000000004,800,1200
24.06.2024 00:41:27.745,370.977,370.64300000000003,900,800
24.06.2024 00:41:31.729,370.956,370.64000000000004,900,1200
24.06.2024 00:41:31.830,370.958,370.569,1300,600
24.06.2024 00:41:32.031,370.96000000000004,370.66200000000003,800,1200
24.06.2024 00:41:35.698,370.96000000000004,370.67800000000005,1300,500
24.06.2024 00:41:36.200,370.957,370.666,900,400
24.06.2024 00:41:36.300,370.96500000000003,370.689,800,600
24.06.2024 00:41:37.754,370.988,370.687,1200,600
24.06.2024 00:41:37.855,370.983,370.69399999999996,1100,700
24.06.2024 00:41:37.956,370.986,370.72,900,1400
24.06.2024 00:41:44.424,371.016,370.723,1300,1000
24.06.2024 00:41:54.047,371.016,370.72799999999995,1100,500
24.06.2024 00:41:54.348,371.01,370.716,700,1200
24.06.2024 00:41:54.649,371.013,370.709,800,1000
24.06.2024 00:41:56.104,371.007,370.634,900,1200
24.06.2024 00:41:56.605,371.014,370.718,500,1200
24.06.2024 00:41:56.706,371.017,370.635,1300,500
24.06.2024 00:41:56.807,371.01,370.721,800,1000
24.06.2024 00:41:57.008,371.007,370.637,1000,600
24.06.2024 00:41:59.114,371.011,370.691,1200,400
24.06.2024 00:41:59.766,371.017,370.637,600,1300
24.06.2024 00:42:06.129,370.986,370.61300000000006,700,600
24.06.2024 00:42:12.240,370.98799999999994,370.661,1300,1200
24.06.2024 00:42:18.055,370.984,370.60900000000004,1300,1300
24.06.2024 00:42:20.300,370.986,370.6820000000001,1200,1200
24.06.2024 00:42:20.901,370.989,370.67500000000007,800,900
24.06.2024 00:42:21.003,370.98999999999995,370.612,1400,800
24.06.2024 00:42:21.506,370.98699999999997,370.6770000000001,800,1000
24.06.2024 00:42:22.408,370.98499999999996,370.61,1200,800
24.06.2024 00:42:23.010,370.98699999999997,370.67300000000006,1100,1200
24.06.2024 00:42:26.167,370.983,370.66400000000004,1100,1100
24.06.2024 00:42:26.268,370.99,370.663,1400,1100
24.06.2024 00:42:26.669,370.989,370.66200000000003,1000,500
24.06.2024 00:42:27.320,370.985,370.66200000000003,800,400
24.06.2024 00:42:27.924,370.978,370.653,400,800
24.06.2024 00:42:28.024,370.979,370.645,1000,700
24.06.2024 00:42:28.175,370.961,370.653,1400,700
24.06.2024 00:42:28.326,370.959,370.634,800,400
24.06.2024 00:42:36.901,370.965,370.61699999999996,900,900
24.06.2024 00:42:37.002,370.94499999999994,370.62199999999996,1000,1200
24.06.2024 00:42:37.102,370.94700000000006,370.62,1300,500
24.06.2024 00:42:37.504,370.937,370.62199999999996,1000,800
24.06.2024 00:42:38.608,370.934,370.60600000000005,1000,1200
24.06.2024 00:42:38.809,370.94,370.545,800,1200
24.06.2024 00:42:38.960,370.94,370.576,800,3200
24.06.2024 00:42:39.211,370.938,370.565,700,2200
24.06.2024 00:42:39.612,370.934,370.559,800,2900
24.06.2024 00:42:39.813,370.934,370.55999999999995,1000,2400
24.06.2024 00:42:40.966,370.939,370.55500000000006,1100,2700
24.06.2024 00:42:41.217,370.933,370.55499999999995,1000,2800
24.06.2024 00:42:41.468,370.935,370.56,1100,2900
24.06.2024 00:42:41.719,370.933,370.55499999999995,1300,3000
24.06.2024 00:42:43.073,370.937,370.55199999999996,1100,2900
24.06.2024 00:42:43.625,370.932,370.556,900,3000
24.06.2024 00:42:43.876,370.932,370.55199999999996,1200,3100
24.06.2024 00:42:45.680,370.938,370.551,1100,3000
24.06.2024 00:42:46.783,370.934,370.555,400,3200
24.06.2024 00:42:47.785,370.939,370.553,1100,2900
24.06.2024 00:42:48.036,370.94,370.55800000000005,600,2600
24.06.2024 00:42:48.989,370.931,370.556,900,2700
24.06.2024 00:42:49.240,370.938,370.558,800,2400
24.06.2024 00:42:49.491,370.935,370.56700000000006,1100,3100
24.06.2024 00:42:50.093,370.94,370.57,1100,2800
24.06.2024 00:42:50.344,370.938,370.573,900,3200
24.06.2024 00:42:51.046,370.936,370.55100000000004,900,1000
24.06.2024 00:42:52.550,370.933,370.562,1400,2600
24.06.2024 00:42:52.801,370.934,370.55699999999996,1200,2700
24.06.2024 00:42:53.653,370.931,370.557,1100,2300
24.06.2024 00:42:54.606,370.933,370.55199999999996,1200,2400
24.06.2024 00:42:54.757,370.934,370.61400000000003,700,700
24.06.2024 00:42:54.857,370.934,370.59400000000005,600,600
24.06.2024 00:42:54.958,370.936,370.552,400,1300
24.06.2024 00:42:55.611,370.93,370.55,1300,2300
24.06.2024 00:42:56.062,370.937,370.55299999999994,900,3100
24.06.2024 00:42:56.463,370.932,370.55199999999996,800,3100
24.06.2024 00:42:56.714,370.931,370.54900000000004,600,500
24.06.2024 00:42:57.116,370.93399999999997,370.6,800,1100
24.06.2024 00:42:57.317,370.90500000000003,370.591,1100,600
24.06.2024 00:42:57.418,370.907,370.57599999999996,500,800
24.06.2024 00:42:57.619,370.939,370.54600000000005,600,500
24.06.2024 00:43:06.591,370.918,370.582,700,1200
24.06.2024 00:43:06.993,370.937,370.545,1100,400
24.06.2024 00:43:08.296,370.936,370.61400000000003,500,1100
24.06.2024 00:43:11.782,370.932,370.54400000000004,700,900
24.06.2024 00:43:12.084,370.938,370.61699999999996,1000,700
24.06.2024 00:43:12.236,370.938,370.60699999999997,1200,600
24.06.2024 00:43:12.287,370.933,370.5450000000001,1000,700
24.06.2024 00:43:14.544,370.937,370.555,500,1200
24.06.2024 00:43:14.845,370.931,370.599,1200,1200
24.06.2024 00:43:17.655,370.92999999999995,370.60699999999997,1200,1300
24.06.2024 00:43:18.260,370.93,370.60499999999996,500,1100
24.06.2024 00:43:18.361,370.937,370.606,700,600
24.06.2024 00:43:19.613,370.935,370.55800000000005,500,900
24.06.2024 00:43:20.270,370.90900000000005,370.537,1000,2700
24.06.2024 00:43:20.472,370.90700000000004,370.539,500,3000
24.06.2024 00:43:20.722,370.911,370.539,700,2600
24.06.2024 00:43:20.973,370.913,370.53900000000004,1000,2900
24.06.2024 00:43:21.625,370.913,370.54,700,3100
24.06.2024 00:43:21.726,370.906,370.616,1200,1300
24.06.2024 00:43:21.827,370.906,370.619,700,800
24.06.2024 00:43:22.228,370.915,370.628,1000,1100
24.06.2024 00:43:22.429,370.90900000000005,370.638,800,600
24.06.2024 00:43:22.530,370.908,370.628,700,500
24.06.2024 00:43:24.485,370.90900000000005,370.63399999999996,1000,700
24.06.2024 00:43:26.038,370.913,370.633,500,700
24.06.2024 00:43:32.702,370.91,370.62499999999994,700,700
24.06.2024 00:43:32.753,370.913,370.613,800,600
24.06.2024 00:43:35.662,370.90700000000004,370.615,700,800
24.06.2024 00:43:36.114,370.91200000000003,370.636,1300,1300
24.06.2024 00:43:36.515,370.91200000000003,370.641,900,900
24.06.2024 00:43:37.819,370.91,370.63100000000003,1300,800
24.06.2024 00:43:38.171,370.91,370.626,1200,900
24.06.2024 00:43:45.591,370.913,370.61799999999994,1300,1300
24.06.2024 00:43:45.692,370.908,370.61300000000006,500,500
24.06.2024 00:43:47.747,370.91,370.608,1000,1000
24.06.2024 00:43:47.949,370.911,370.61000000000007,900,700
24.06.2024 00:43:50.876,370.90700000000004,370.62199999999996,400,1000
24.06.2024 00:43:51.578,370.906,370.62100000000004,400,1000
24.06.2024 00:43:53.737,370.913,370.62,1000,1300
24.06.2024 00:43:54.038,370.91200000000003,370.619,900,900
24.06.2024 00:43:57.100,370.91,370.55400000000003,900,3100
24.06.2024 00:43:57.251,370.91200000000003,370.5400000000001,1200,3000
24.06.2024 00:43:57.502,370.91400000000004,370.546,1200,3100
24.06.2024 00:43:58.606,370.911,370.55199999999996,800,3000
24.06.2024 00:44:00.560,370.913,370.5400000000001,900,2300
24.06.2024 00:44:01.764,370.91200000000003,370.6120000000001,600,700
24.06.2024 00:44:04.623,370.91400000000004,370.62300000000005,1100,800
24.06.2024 00:44:06.579,370.90700000000004,370.62399999999997,800,1200
24.06.2024 00:44:06.679,370.91400000000004,370.612,1300,800
24.06.2024 00:44:12.498,370.91400000000004,370.61400000000003,600,1300
24.06.2024 00:44:12.799,370.908,370.61100000000005,1300,1200
24.06.2024 00:44:12.900,370.91,370.615,1400,1000
24.06.2024 00:44:13.001,370.90700000000004,370.60300000000007,500,1200
24.06.2024 00:44:13.102,370.91400000000004,370.61800000000005,500,900
24.06.2024 00:44:13.804,370.915,370.621,600,700
24.06.2024 00:44:13.905,370.91400000000004,370.608,1000,1300
24.06.2024 00:44:14.407,370.911,370.607,800,1100
24.06.2024 00:44:20.520,370.91,370.619,1100,400
24.06.2024 00:44:23.375,370.906,370.6120000000001,600,1000
24.06.2024 00:44:24.126,370.915,370.61000000000007,500,700
24.06.2024 00:44:26.883,370.90700000000004,370.619,900,600
24.06.2024 00:44:26.984,370.91,370.60600000000005,900,800
24.06.2024 00:44:28.087,370.90500000000003,370.62800000000004,600,700
24.06.2024 00:44:28.588,370.91200000000003,370.626,1000,800
24.06.2024 00:44:28.889,370.91200000000003,370.623,400,1200
24.06.2024 00:44:30.392,370.90900000000005,370.61899999999997,1200,600
24.06.2024 00:44:32.445,370.906,370.618,800,1400
24.06.2024 00:44:32.747,370.906,370.616,1100,1100
24.06.2024 00:44:32.848,370.908,370.615,800,1300
24.06.2024 00:44:33.550,370.911,370.62399999999997,700,900
24.06.2024 00:44:33.851,370.90700000000004,370.625,700,700
24.06.2024 00:44:34.453,370.90500000000003,370.621,700,500
24.06.2024 00:44:34.854,370.91200000000003,370.624,900,400
24.06.2024 00:44:34.955,370.91200000000003,370.61899999999997,600,600
24.06.2024 00:44:39.845,370.906,370.64599999999996,800,1200
24.06.2024 00:44:41.400,370.91400000000004,370.632,900,700
24.06.2024 00:44:41.601,370.913,370.637,700,1300
24.06.2024 00:44:41.902,370.91,370.63200000000006,700,600
24.06.2024 00:44:56.293,370.91,370.64,400,800
24.06.2024 00:44:56.444,370.906,370.645,500,900
24.06.2024 00:45:00.203,370.90700000000004,370.634,500,600
24.06.2024 00:45:00.304,370.908,370.649,500,1400
24.06.2024 00:45:00.456,370.952,370.65,1000,700
24.06.2024 00:45:00.507,370.95300000000003,370.659,1200,600
24.06.2024 00:45:00.609,370.97800000000007,370.65299999999996,600,1000
24.06.2024 00:45:00.810,370.97300000000007,370.66900000000004,900,1100
24.06.2024 00:45:01.112,370.97800000000007,370.67900000000003,1100,600
24.06.2024 00:45:01.714,370.97700000000003,370.68399999999997,800,400
24.06.2024 00:45:02.166,370.97100000000006,370.675,800,700
24.06.2024 00:45:02.667,370.97700000000003,370.658,1000,400
24.06.2024 00:45:02.768,370.97800000000007,370.6,1300,3200
24.06.2024 00:45:02.969,370.97,370.67699999999996,600,500
24.06.2024 00:45:03.873,371.00000000000006,370.67999999999995,500,1200
24.06.2024 00:45:04.074,371.00300000000004,370.614,500,1100
24.06.2024 00:45:04.175,371.00600000000003,370.707,900,1100
24.06.2024 00:45:07.133,371.00700000000006,370.714,1300,1000
24.06.2024 00:45:09.992,371.00700000000006,370.72600000000006,700,1200
24.06.2024 00:45:13.803,371.004,370.717,700,700
24.06.2024 00:45:18.163,371.00600000000003,370.716,400,1300
24.06.2024 00:45:18.564,371.004,370.716,500,600
24.06.2024 00:45:26.245,370.99800000000005,370.701,1300,400
24.06.2024 00:45:26.296,371.00200000000007,370.71099999999996,1000,1200
24.06.2024 00:45:32.661,371.00700000000006,370.713,400,1100
24.06.2024 00:45:36.119,371.00700000000006,370.711,800,1000
24.06.2024 00:45:36.321,371.00600000000003,370.702,1000,800
24.06.2024 00:45:37.023,371.004,370.708,1300,500
24.06.2024 00:45:42.236,371.00600000000003,370.726,700,900
24.06.2024 00:45:51.458,370.999,370.712,900,1200
24.06.2024 00:45:56.269,371.00100000000003,370.725,1300,1300
24.06.2024 00:45:56.671,371.00800000000004,370.72299999999996,1300,700
24.06.2024 00:45:56.772,371.00700000000006,370.72700000000003,1100,1400
24.06.2024 00:45:57.073,371.00700000000006,370.727,1100,1300
24.06.2024 00:45:57.274,371.00200000000007,370.71799999999996,1000,1200
24.06.2024 00:46:00.231,371.00600000000003,370.72700000000003,1100,1200
24.06.2024 00:46:00.683,371.004,370.7370000000001,800,1400
24.06.2024 00:46:00.786,371.00600000000003,370.719,1000,1000
24.06.2024 00:46:00.937,371.00100000000003,370.719,400,400
24.06.2024 00:46:01.388,370.99800000000005,370.72299999999996,700,700
24.06.2024 00:46:02.090,371.00500000000005,370.71900000000005,600,900
24.06.2024 00:46:02.191,371.00700000000006,370.719,900,800
24.06.2024 00:46:02.392,370.999,370.72,700,900
24.06.2024 00:46:04.546,371.004,370.71799999999996,1000,1200
24.06.2024 00:46:08.806,371.00600000000003,370.751,800,600
24.06.2024 00:46:08.908,371.00600000000003,370.75699999999995,900,400
24.06.2024 00:46:09.711,371.00100000000003,370.766,600,1000
24.06.2024 00:46:10.813,371.004,370.761,1000,1000
24.06.2024 00:46:19.357,371.00700000000006,370.81,500,1400
24.06.2024 00:46:19.559,371.004,370.807,600,1000
24.06.2024 00:46:19.659,371.00700000000006,370.806,600,1100
24.06.2024 00:46:20.161,371.004,370.80300000000005,1300,900
24.06.2024 00:46:20.764,370.99800000000005,370.815,1200,700
24.06.2024 00:46:21.266,371.00000000000006,370.81300000000005,1300,700
24.06.2024 00:46:21.568,371.00200000000007,370.816,800,1100
24.06.2024 00:46:21.919,371.00000000000006,370.81700000000006,400,700
24.06.2024 00:46:22.421,371.00700000000006,370.808,1000,700
24.06.2024 00:46:22.622,370.999,370.81500000000005,1000,900
24.06.2024 00:46:23.224,371.00100000000003,370.81200000000007,700,700
24.06.2024 00:46:30.237,371.00600000000003,370.803,800,400
24.06.2024 00:46:32.391,371.00500000000005,370.809,500,500
24.06.2024 00:46:32.692,371.00300000000004,370.803,800,500
24.06.2024 00:46:32.894,371.00700000000006,370.81100000000004,700,1100
24.06.2024 00:46:34.798,370.999,370.81,500,800
24.06.2024 00:46:35.450,371.046,370.81,1000,1200
24.06.2024 00:46:35.601,371.05,370.75499999999994,1200,1300
24.06.2024 00:46:37.257,371.055,370.669,700,800
24.06.2024 00:46:37.358,371.05,370.754,500,400
24.06.2024 00:46:37.459,371.053,370.768,1300,800
24.06.2024 00:46:37.560,371.02500000000003,370.65299999999996,900,2500
24.06.2024 00:46:37.761,371.024,370.73800000000006,800,400
24.06.2024 00:46:37.862,371.024,370.72600000000006,1300,1200
24.06.2024 00:46:37.963,371.022,370.735,600,1100
24.06.2024 00:46:38.966,371.017,370.725,700,900
24.06.2024 00:46:39.067,371.024,370.74700000000007,1400,500
24.06.2024 00:46:39.669,371.01800000000003,370.736,1200,700
24.06.2024 00:46:39.971,371.02500000000003,370.73,900,1200
24.06.2024 00:46:47.487,371.01800000000003,370.737,400,1200
24.06.2024 00:46:49.543,371.01800000000003,370.73,800,700
24.06.2024 00:47:05.903,371.024,370.646,1000,2900
24.06.2024 00:47:05.954,371.02000000000004,370.65000000000003,500,3000
24.06.2024 00:47:06.205,371.019,370.643,700,3100
24.06.2024 00:47:10.160,371.022,370.72600000000006,900,1100
24.06.2024 00:47:11.818,371.022,370.715,1200,500
24.06.2024 00:47:11.920,371.016,370.721,1200,400
24.06.2024 00:47:17.931,371.026,370.712,500,700
24.06.2024 00:47:18.033,371.022,370.73199999999997,1100,500
24.06.2024 00:47:18.135,371.01800000000003,370.712,1300,900
24.06.2024 00:47:21.693,371.02099999999996,370.716,1100,900
24.06.2024 00:47:25.051,371.02099999999996,370.732,1000,800
24.06.2024 00:47:26.956,371.01599999999996,370.721,600,1300
24.06.2024 00:47:29.111,371.019,370.721,1200,500
24.06.2024 00:47:29.412,371.018,370.71000000000004,800,800
24.06.2024 00:47:29.513,371.018,370.72,500,1200
24.06.2024 00:47:40.083,371.019,370.716,800,800
24.06.2024 00:47:42.392,371.015,370.72600000000006,900,1000
24.06.2024 00:47:42.743,371.015,370.72200000000004,1200,1100
24.06.2024 00:47:43.945,371.019,370.72299999999996,1100,700
24.06.2024 00:47:44.146,371.019,370.72,800,500
24.06.2024 00:47:48.105,371.04400000000004,370.718,1400,800
24.06.2024 00:47:48.306,371.05100000000004,370.72900000000004,1300,1400
24.06.2024 00:47:50.013,371.04400000000004,370.716,1200,1100
24.06.2024 00:47:50.114,371.05,370.726,1800,1300
24.06.2024 00:47:52.569,371.048,370.72499999999997,1000,800
24.06.2024 00:47:53.472,371.05000000000007,370.72100000000006,1300,1300
24.06.2024 00:47:53.623,371.045,370.71999999999997,800,700
24.06.2024 00:47:53.974,371.0520000000001,370.72400000000005,600,1300
24.06.2024 00:47:54.375,371.046,370.72499999999997,800,1200
24.06.2024 00:47:54.476,371.04600000000005,370.72300000000007,1400,900
24.06.2024 00:47:54.577,371.049,370.72499999999997,700,1300
24.06.2024 00:47:55.829,371.05100000000004,370.72200000000004,1300,1000
24.06.2024 00:48:00.189,371.045,370.72299999999996,800,1200
24.06.2024 00:48:01.392,371.052,370.74499999999995,1100,700
24.06.2024 00:48:01.693,371.048,370.746,700,1100
24.06.2024 00:48:02.846,371.05,370.75200000000007,800,1300
24.06.2024 00:48:02.947,371.045,370.745,1100,1300
24.06.2024 00:48:05.655,371.047,370.742,1300,1200
24.06.2024 00:48:05.855,371.048,370.75000000000006,900,1000
24.06.2024 00:48:06.608,371.051,370.745,800,1000
24.06.2024 00:48:06.708,371.046,370.7370000000001,1100,1200
24.06.2024 00:48:07.009,371.04900000000004,370.73300000000006,800,500
24.06.2024 00:48:07.311,371.053,370.73800000000006,600,1300
24.06.2024 00:48:08.514,371.05,370.73199999999997,500,700
24.06.2024 00:48:09.767,371.052,370.73800000000006,1400,1400
24.06.2024 00:48:18.489,371.047,370.747,400,800
24.06.2024 00:48:19.444,371.052,370.739,1000,600
24.06.2024 00:48:19.545,371.04900000000004,370.74300000000005,700,600
24.06.2024 00:48:23.706,371.048,370.73999999999995,1300,1100
24.06.2024 00:48:23.807,371.047,370.742,1100,600
24.06.2024 00:48:28.568,371.05,370.748,900,1300
24.06.2024 00:48:29.720,371.05,370.74600000000004,1400,800
24.06.2024 00:48:30.322,371.053,370.736,1300,1200
24.06.2024 00:48:31.848,371.051,370.73300000000006,1000,1400
24.06.2024 00:48:31.949,371.04900000000004,370.82,900,600
24.06.2024 00:48:32.050,371.045,370.767,600,1200
24.06.2024 00:48:32.151,371.046,370.762,600,500
24.06.2024 00:48:32.252,371.048,370.756,1200,1000
24.06.2024 00:48:32.653,371.055,370.736,1100,500
24.06.2024 00:48:32.854,371.055,370.726,600,1100
24.06.2024 00:48:34.057,371.053,370.73199999999997,700,700
24.06.2024 00:48:34.260,371.048,370.73600000000005,1000,1200
24.06.2024 00:48:35.162,371.04200000000003,370.719,1100,1200
24.06.2024 00:48:36.315,371.035,370.711,1200,600
24.06.2024 00:48:39.427,371.022,370.70599999999996,900,1100
24.06.2024 00:48:39.527,371.028,370.703,1000,1400
24.06.2024 00:48:41.482,371.029,370.704,1000,600
24.06.2024 00:48:45.343,371.03700000000003,370.705,600,900
24.06.2024 00:48:45.544,371.053,370.7420000000001,800,800
24.06.2024 00:48:46.846,371.026,370.74100000000004,600,1200
24.06.2024 00:48:46.897,371.03000000000003,370.729,900,900
24.06.2024 00:48:46.998,371.02700000000004,370.722,1100,1200
24.06.2024 00:48:48.200,371.02000000000004,370.642,1400,900
24.06.2024 00:48:48.401,371.02200000000005,370.697,1000,700
24.06.2024 00:48:58.275,371.02900000000005,370.775,1100,1400
24.06.2024 00:48:58.376,371.02000000000004,370.785,500,400
24.06.2024 00:48:58.477,371.02700000000004,370.80300000000005,1000,1300
24.06.2024 00:48:59.430,371.02500000000003,370.78600000000006,600,600
24.06.2024 00:49:00.131,371.02400000000006,370.74399999999997,1000,1100
24.06.2024 00:49:00.232,371.03000000000003,370.643,1300,700
24.06.2024 00:49:00.633,371.02000000000004,370.718,900,400
24.06.2024 00:49:02.237,371.02400000000006,370.723,1200,1100
24.06.2024 00:49:02.739,371.021,370.646,700,1300
24.06.2024 00:49:02.941,371.02700000000004,370.7,1300,1400
24.06.2024 00:49:11.513,371.024,370.7,1000,500
24.06.2024 00:49:22.218,371.01099999999997,370.67900000000003,500,400
24.06.2024 00:49:22.420,370.998,370.666,800,400
24.06.2024 00:49:22.520,371.00600000000003,370.6670000000001,1000,150
24.06.2024 00:49:23.022,370.993,370.6650000000001,1300,50
24.06.2024 00:49:23.223,370.99999999999994,370.6650000000001,600,950
24.06.2024 00:49:23.424,370.997,370.6650000000001,1200,250
24.06.2024 00:49:23.725,370.976,370.66600000000005,800,550
24.06.2024 00:49:24.028,371.00600000000003,370.6670000000001,500,250
24.06.2024 00:49:24.580,370.99499999999995,370.66299999999995,600,700
24.06.2024 00:49:25.483,370.99199999999996,370.67400000000004,500,1100
24.06.2024 00:49:25.985,371.00800000000004,370.6720000000001,400,1200
24.06.2024 00:49:26.086,371.009,370.66600000000005,600,800
24.06.2024 00:49:26.990,370.98799999999994,370.66400000000004,600,1300
24.06.2024 00:49:27.091,370.98499999999996,370.65900000000005,500,250
24.06.2024 00:49:27.193,370.984,370.678,1000,700
24.06.2024 00:49:27.293,370.986,370.60900000000004,1300,600
24.06.2024 00:49:27.694,370.98299999999995,370.612,1300,3000
24.06.2024 00:49:27.945,370.98699999999997,370.61800000000005,400,2300
24.06.2024 00:49:29.147,370.989,370.665,700,150
24.06.2024 00:49:30.250,370.99,370.66200000000003,1300,850
24.06.2024 00:49:30.651,370.983,370.665,1200,550
24.06.2024 00:49:32.707,370.98199999999997,370.66800000000006,1200,550
24.06.2024 00:49:32.808,370.985,370.65900000000005,1300,150
24.06.2024 00:49:37.268,370.984,370.65900000000005,1400,150
24.06.2024 00:49:42.182,370.98400000000004,370.665,900,450
24.06.2024 00:49:43.384,370.97400000000005,370.66100000000006,1100,750
24.06.2024 00:49:43.785,370.964,370.66700000000003,600,550
24.06.2024 00:49:44.186,370.97900000000004,370.66600000000005,600,850
24.06.2024 00:49:46.141,370.971,370.66100000000006,600,750
24.06.2024 00:49:49.853,370.983,370.66700000000003,1400,750
24.06.2024 00:49:49.954,370.98800000000006,370.65900000000005,500,350
24.06.2024 00:49:50.156,370.974,370.66,900,150
24.06.2024 00:49:55.316,370.98400000000004,370.66100000000006,1300,450
24.06.2024 00:50:01.226,370.98400000000004,370.66,1200,250
24.06.2024 00:50:04.585,370.979,370.66600000000005,1100,750
24.06.2024 00:50:06.526,370.969,370.66600000000005,500,950
24.06.2024 00:50:09.484,370.974,370.66200000000003,600,850
24.06.2024 00:50:09.585,370.974,370.66600000000005,500,50
24.06.2024 00:50:12.091,370.98199999999997,370.65900000000005,500,50
24.06.2024 00:50:12.292,370.98500000000007,370.665,600,150
24.06.2024 00:50:12.493,370.979,370.66800000000006,1100,750
24.06.2024 00:50:12.594,370.98100000000005,370.66,800,150
24.06.2024 00:50:13.296,370.981,370.66700000000003,1100,550
24.06.2024 00:50:13.496,370.981,370.66400000000004,1400,650
24.06.2024 00:50:13.597,370.97900000000004,370.66400000000004,1200,50
24.06.2024 00:50:13.798,370.977,370.665,600,850
24.06.2024 00:50:16.553,370.971,370.66200000000003,700,50
24.06.2024 00:50:17.055,370.975,370.66900000000004,600,-50
24.06.2024 00:50:19.414,370.97200000000004,370.66400000000004,500,650
24.06.2024 00:50:19.915,370.975,370.66300000000007,1100,850
24.06.2024 00:50:20.869,370.974,370.665,700,550
24.06.2024 00:50:20.970,370.976,370.66300000000007,1300,750
24.06.2024 00:50:21.071,370.975,370.66800000000006,1100,150
24.06.2024 00:50:21.178,370.97700000000003,370.66300000000007,600,650
24.06.2024 00:50:22.079,370.97,370.66200000000003,500,50
24.06.2024 00:50:22.179,370.973,370.66700000000003,800,50
24.06.2024 00:50:22.480,370.971,370.665,900,350
24.06.2024 00:50:25.739,370.979,370.66100000000006,1200,250
24.06.2024 00:50:28.593,370.979,370.66400000000004,900,750
24.06.2024 00:50:28.694,370.96999999999997,370.66700000000003,800,250
24.06.2024 00:50:29.597,370.962,370.66,700,50
24.06.2024 00:50:29.697,370.964,370.66400000000004,700,750
24.06.2024 00:50:56.128,370.965,370.66300000000007,700,850
24.06.2024 00:50:56.233,370.98799999999994,370.66400000000004,700,550
24.06.2024 00:50:56.334,370.975,370.665,900,450
24.06.2024 00:50:59.089,370.98300000000006,370.663,800,550
24.06.2024 00:51:03.346,370.968,370.66,700,850
24.06.2024 00:51:03.547,370.971,370.66800000000006,700,50
24.06.2024 00:51:03.949,370.971,370.66200000000003,900,150
24.06.2024 00:51:05.202,370.961,370.66800000000006,500,50
24.06.2024 00:51:05.704,370.972,370.66700000000003,1300,950
24.06.2024 00:51:07.309,370.98300000000006,370.66900000000004,800,550
24.06.2024 00:51:10.516,370.974,370.65900000000005,1400,650
24.06.2024 00:51:10.618,370.98699999999997,370.66100000000006,1100,250
24.06.2024 00:51:15.347,370.98299999999995,370.67,900,900
24.06.2024 00:51:21.691,370.99699999999996,370.67,900,1400
24.06.2024 00:51:21.741,370.99199999999996,370.68,700,1100
24.06.2024 00:51:21.842,371.017,370.68199999999996,600,1300
24.06.2024 00:51:21.943,371.012,370.635,900,800
24.06.2024 00:51:22.043,371.011,370.69599999999997,700,700
24.06.2024 00:51:31.685,371.013,370.703,800,400
24.06.2024 00:51:38.956,371.02,370.641,1100,700
24.06.2024 00:51:39.259,371.013,370.698,1200,1100
24.06.2024 00:51:47.026,371.017,370.704,1300,600
24.06.2024 00:51:47.130,371.018,370.722,1100,1100
24.06.2024 00:51:47.285,371.0400000000001,370.722,500,1000
24.06.2024 00:51:47.388,371.046,370.723,1300,1100
24.06.2024 00:51:47.489,371.079,370.715,1100,1000
24.06.2024 00:51:47.690,371.034,370.71999999999997,600,700
24.06.2024 00:51:47.791,371.033,370.714,1000,600
24.06.2024 00:51:47.892,371.03700000000003,370.722,700,700
24.06.2024 00:51:47.992,371.03700000000003,370.719,1100,1100
24.06.2024 00:51:48.194,371.03700000000003,370.715,1200,1400
24.06.2024 00:51:48.345,371.035,370.706,700,500
24.06.2024 00:51:48.496,371.036,370.704,1300,500
24.06.2024 00:51:50.050,371.037,370.698,700,500
24.06.2024 00:51:50.552,371.03200000000004,370.703,700,900
24.06.2024 00:51:51.053,371.03700000000003,370.69599999999997,800,1300
24.06.2024 00:51:51.154,371.03900000000004,370.705,1000,500
24.06.2024 00:51:51.255,371.03499999999997,370.704,900,400
24.06.2024 00:51:51.356,371.03900000000004,370.7,1100,1100
24.06.2024 00:51:54.086,371.03999999999996,370.69599999999997,1200,1100
24.06.2024 00:51:54.287,371.05400000000003,370.694,900,700
24.06.2024 00:51:54.388,371.02500000000003,370.699,900,1400
24.06.2024 00:51:54.590,371.019,370.685,400,1400
24.06.2024 00:51:54.691,370.977,370.688,1100,1300
24.06.2024 00:51:55.645,370.969,370.685,1000,1200
24.06.2024 00:51:56.148,370.988,370.68699999999995,1200,500
24.06.2024 00:51:56.249,370.97499999999997,370.69,900,600
24.06.2024 00:51:56.550,370.978,370.68199999999996,1200,700
24.06.2024 00:51:57.054,370.94200000000006,370.6820000000001,500,1000
24.06.2024 00:51:57.154,370.94899999999996,370.66999999999996,600,1000
24.06.2024 00:51:57.555,370.964,370.674,1000,1100
24.06.2024 00:51:57.656,370.98,370.669,800,800
24.06.2024 00:51:57.757,370.98900000000003,370.67199999999997,1100,1300
24.06.2024 00:51:58.158,370.954,370.669,500,1200
24.06.2024 00:51:58.460,370.96200000000005,370.67299999999994,700,700
24.06.2024 00:51:59.262,370.964,370.66999999999996,1000,700
24.06.2024 00:52:01.115,370.957,370.67199999999997,1000,600
24.06.2024 00:52:01.216,370.96900000000005,370.676,800,800
24.06.2024 00:52:01.316,370.969,370.671,1200,1400
24.06.2024 00:52:02.318,370.991,370.676,700,500
24.06.2024 00:52:02.820,370.96400000000006,370.67299999999994,700,900
24.06.2024 00:52:04.373,370.96200000000005,370.676,500,700
24.06.2024 00:52:04.474,370.98199999999997,370.66800000000006,1100,250
24.06.2024 00:52:04.575,370.969,370.66400000000004,1400,-50
24.06.2024 00:52:04.876,370.962,370.6700000000001,500,450
24.06.2024 00:52:06.930,370.969,370.661,900,750
24.06.2024 00:52:07.131,370.97400000000005,370.66100000000006,1000,-50
24.06.2024 00:52:07.232,370.962,370.66200000000003,1200,750
24.06.2024 00:52:09.185,370.968,370.66700000000003,1400,50
24.06.2024 00:52:09.386,370.95,370.66,1000,-50
24.06.2024 00:52:09.487,370.94899999999996,370.66800000000006,900,850
24.06.2024 00:52:09.689,370.965,370.66300000000007,500,450
24.06.2024 00:52:09.789,370.952,370.66600000000005,900,250
24.06.2024 00:52:09.890,370.96000000000004,370.665,400,650
24.06.2024 00:52:10.092,370.96,370.66600000000005,800,150
24.06.2024 00:52:10.194,370.968,370.66800000000006,600,150
24.06.2024 00:52:10.294,370.97,370.65900000000005,1400,150
24.06.2024 00:52:10.395,370.975,370.66100000000006,800,150
24.06.2024 00:52:10.797,370.98699999999997,370.66700000000003,700,350
24.06.2024 00:52:11.399,370.98400000000004,370.66100000000006,1300,150
24.06.2024 00:52:12.202,370.969,370.665,1000,850
24.06.2024 00:52:12.403,370.943,370.66800000000006,1100,750
24.06.2024 00:52:14.057,370.96,370.66200000000003,800,150
24.06.2024 00:52:14.157,370.951,370.66900000000004,700,150
24.06.2024 00:52:14.258,370.949,370.66100000000006,1300,850
24.06.2024 00:52:18.217,370.957,370.65900000000005,1000,150
24.06.2024 00:52:21.376,370.97499999999997,370.665,1000,550
24.06.2024 00:52:22.082,370.961,370.66,400,750
24.06.2024 00:52:23.437,370.977,370.66200000000003,1200,750
24.06.2024 00:52:27.496,370.986,370.66200000000003,1400,150
24.06.2024 00:52:27.597,370.99399999999997,370.682,1200,1100
24.06.2024 00:52:27.898,370.989,370.62699999999995,1200,600
24.06.2024 00:52:28.200,370.98699999999997,370.675,1000,1100
24.06.2024 00:52:33.618,371.014,370.67800000000005,1000,1000
24.06.2024 00:52:33.719,371.015,370.682,500,1300
24.06.2024 00:52:33.819,371.02500000000003,370.78700000000003,800,700
24.06.2024 00:52:33.870,371.043,370.78600000000006,500,1100
24.06.2024 00:52:33.921,371.066,370.78400000000005,500,1000
24.06.2024 00:52:34.022,371.11299999999994,370.809,500,1400
24.06.2024 00:52:34.122,371.12200000000007,370.86300000000006,1200,1100
24.06.2024 00:52:36.031,371.12200000000007,370.791,700,1400
24.06.2024 00:52:36.131,371.1170000000001,370.761,1100,500
24.06.2024 00:52:37.838,371.096,370.73,600,1100
24.06.2024 00:52:51.572,371.087,370.733,500,400
24.06.2024 00:52:56.185,371.092,370.75800000000004,500,1100
24.06.2024 00:52:56.286,371.089,370.73,1400,1000
24.06.2024 00:52:58.091,371.068,370.703,1300,1000
24.06.2024 00:53:00.497,371.06699999999995,370.695,400,1300
24.06.2024 00:53:02.753,371.06899999999996,370.745,1200,1100
24.06.2024 00:53:07.314,371.06699999999995,370.731,500,800
24.06.2024 00:53:16.188,371.048,370.73400000000004,500,600
24.06.2024 00:53:17.714,371.056,370.738,600,900
24.06.2024 00:53:19.870,371.058,370.73900000000003,1400,1300
24.06.2024 00:53:20.974,371.06899999999996,370.737,1800,700
24.06.2024 00:53:27.097,371.05799999999994,370.735,700,900
24.06.2024 00:53:27.198,371.05699999999996,370.736,500,1100
24.06.2024 00:53:37.675,371.063,370.735,2300,700
24.06.2024 00:53:38.277,371.066,370.68600000000004,1000,400
24.06.2024 00:53:38.678,371.066,370.73400000000004,500,1300
24.06.2024 00:53:38.779,371.05999999999995,370.738,700,600
24.06.2024 00:53:41.135,371.04999999999995,370.737,1000,700
24.06.2024 00:53:46.194,371.036,370.731,1300,700
24.06.2024 00:53:46.950,371.036,370.73900000000003,700,1100
24.06.2024 00:53:47.051,371.03700000000003,370.727,1100,500
24.06.2024 00:53:47.152,371.028,370.72200000000004,800,800
24.06.2024 00:53:47.352,371.038,370.72,500,700
24.06.2024 00:53:50.208,371.032,370.72700000000003,1300,600
24.06.2024 00:53:57.322,371.033,370.719,1000,400
24.06.2024 00:54:00.598,371.02299999999997,370.72200000000004,1000,1400
24.06.2024 00:54:01.099,371.03000000000003,370.72,600,600
24.06.2024 00:54:01.200,371.027,370.72,1200,800
24.06.2024 00:54:01.601,371.03700000000003,370.723,600,800
24.06.2024 00:54:02.302,371.04299999999995,370.721,700,800
24.06.2024 00:54:08.817,371.044,370.718,1100,600
24.06.2024 00:54:09.621,371.03700000000003,370.72200000000004,1000,600
24.06.2024 00:54:09.922,371.03499999999997,370.72,500,400
24.06.2024 00:54:10.023,371.03900000000004,370.72700000000003,700,1000
