Gmt time,Ask,Bid,AskVolume,BidVolume
24.06.2024 00:00:00.190,4.05001,4.0471900000000005,-140,1300
24.06.2024 00:00:00.242,4.05001,4.04725,260,600
24.06.2024 00:00:00.595,4.049760000000001,4.04724,660,1300
24.06.2024 00:00:14.282,4.049910000000001,4.04726,-140,1300
24.06.2024 00:00:19.397,4.050009999999999,4.047210000000001,360,660
24.06.2024 00:00:19.598,4.05003,4.04739,360,1300
24.06.2024 00:00:19.900,4.05008,4.0474000000000006,760,1100
24.06.2024 00:00:20.001,4.05004,4.04739,760,1000
24.06.2024 00:00:20.052,4.050070000000001,4.04785,60,700
24.06.2024 00:00:20.454,4.0500300000000005,4.047790000000001,760,400
24.06.2024 00:00:21.207,4.05011,4.04774,460,900
24.06.2024 00:00:21.459,4.05006,4.04772,1100,1200
24.06.2024 00:00:23.013,4.05022,4.04785,460,500
24.06.2024 00:00:23.064,4.05029,4.04778,900,1300
24.06.2024 00:00:23.164,4.05025,4.04784,760,900
24.06.2024 00:00:23.215,4.05024,4.04774,1100,1100
24.06.2024 00:00:30.141,4.050260000000001,4.04783,700,900
24.06.2024 00:00:51.199,4.0503,4.047840000000001,500,600
24.06.2024 00:00:53.454,4.05021,4.04779,900,900
24.06.2024 00:00:53.555,4.05036,4.04805,600,400
24.06.2024 00:00:55.013,4.05011,4.04798,1200,500
24.06.2024 00:00:55.316,4.0502,4.047960000000001,800,800
24.06.2024 00:00:56.219,4.05035,4.04833,360,1200
24.06.2024 00:00:56.320,4.05036,4.04831,60,700
24.06.2024 00:00:56.472,4.0508299999999995,4.0483199999999995,360,1300
24.06.2024 00:00:56.523,4.05089,4.04839,760,1100
24.06.2024 00:00:56.674,4.0509200000000005,4.0484,660,600
24.06.2024 00:00:56.775,4.0509200000000005,4.04857,760,1000
24.06.2024 00:00:56.926,4.050610000000001,4.04839,1300,600
24.06.2024 00:00:57.178,4.0504500000000005,4.04844,1100,1000
24.06.2024 00:00:58.982,4.0506,4.04839,1100,800
24.06.2024 00:00:59.083,4.05065,4.048360000000001,400,900
24.06.2024 00:01:02.461,4.05088,4.048330000000001,760,700
24.06.2024 00:01:02.662,4.05093,4.04832,160,700
24.06.2024 00:01:02.963,4.05094,4.0483,160,700
24.06.2024 00:01:03.416,4.050820000000001,4.048349999999999,1400,500
24.06.2024 00:01:05.122,4.05076,4.048279999999999,700,1300
24.06.2024 00:01:05.574,4.05102,4.04839,260,500
24.06.2024 00:01:05.675,4.05087,4.048330000000001,260,900
24.06.2024 00:01:06.278,4.05088,4.04856,660,400
24.06.2024 00:01:06.379,4.05091,4.0485299999999995,260,800
24.06.2024 00:01:06.683,4.0509,4.04864,760,800
24.06.2024 00:01:06.733,4.05114,4.04865,460,800
24.06.2024 00:01:06.785,4.05102,4.048590000000001,500,1100
24.06.2024 00:01:07.540,4.051190000000001,4.04868,1300,1400
24.06.2024 00:01:09.448,4.05135,4.04877,660,800
24.06.2024 00:01:09.951,4.05137,4.04898,760,1200
24.06.2024 00:01:10.002,4.051740000000001,4.04896,860,1200
24.06.2024 00:01:10.253,4.051750000000001,4.049180000000001,360,900
24.06.2024 00:01:10.353,4.051800000000001,4.04917,460,600
24.06.2024 00:01:10.454,4.051900000000001,4.0491600000000005,-40,1000
24.06.2024 00:01:10.656,4.051810000000001,4.04923,600,1400
24.06.2024 00:01:10.807,4.05168,4.049200000000001,1300,600
24.06.2024 00:01:11.209,4.05161,4.049170000000001,500,1200
24.06.2024 00:01:11.360,4.05189,4.0491399999999995,-140,1000
24.06.2024 00:01:11.561,4.05189,4.04925,560,1300
24.06.2024 00:01:12.967,4.05182,4.049189999999999,760,1400
24.06.2024 00:01:13.318,4.0517900000000004,4.0492099999999995,1000,500
24.06.2024 00:01:13.419,4.0517,4.04893,600,800
24.06.2024 00:01:13.520,4.0514,4.04902,800,900
24.06.2024 00:01:18.686,4.0513200000000005,4.0486,900,1400
24.06.2024 00:01:18.787,4.05107,4.0486699999999995,1100,900
24.06.2024 00:01:19.592,4.05106,4.04868,460,1000
24.06.2024 00:01:24.156,4.05097,4.04864,400,900
24.06.2024 00:01:30.422,4.050960000000001,4.04867,700,900
24.06.2024 00:01:30.623,4.051030000000001,4.0486200000000006,60,900
24.06.2024 00:01:30.724,4.05108,4.04874,-40,400
24.06.2024 00:01:30.875,4.05106,4.048680000000001,-40,1300
24.06.2024 00:01:30.976,4.0513200000000005,4.0489,560,600
24.06.2024 00:01:31.178,4.0512999999999995,4.04898,60,900
24.06.2024 00:01:31.278,4.051279999999999,4.0489999999999995,1460,700
24.06.2024 00:01:31.580,4.051310000000001,4.04898,1100,900
24.06.2024 00:01:31.681,4.051190000000001,4.048990000000001,700,800
24.06.2024 00:01:32.534,4.05134,4.049,760,500
24.06.2024 00:01:32.585,4.051430000000001,4.04893,-40,900
24.06.2024 00:01:32.686,4.05138,4.04901,660,500
24.06.2024 00:01:32.937,4.05102,4.04874,900,1000
24.06.2024 00:01:33.188,4.05093,4.04875,1200,800
24.06.2024 00:01:40.775,4.05098,4.04881,900,600
24.06.2024 00:01:41.027,4.050870000000001,4.04879,1400,1200
24.06.2024 00:01:41.779,4.05097,4.048719999999999,1400,1100
24.06.2024 00:01:58.467,4.05091,4.04873,1300,1100
24.06.2024 00:02:04.280,4.050870000000001,4.04866,1000,1200
24.06.2024 00:02:10.345,4.05084,4.04861,1200,1300
24.06.2024 00:02:21.808,4.05087,4.0484,900,500
24.06.2024 00:02:21.910,4.05062,4.04827,800,900
24.06.2024 00:02:38.645,4.0508299999999995,4.04854,600,500
24.06.2024 00:02:51.162,4.050800000000001,4.0484800000000005,700,500
24.06.2024 00:02:54.221,4.05091,4.04876,660,1000
24.06.2024 00:02:54.973,4.05107,4.0487400000000004,1200,1300
24.06.2024 00:03:06.255,4.0509900000000005,4.04877,1100,500
24.06.2024 00:03:13.531,4.0507800000000005,4.048700000000001,1100,1100
24.06.2024 00:03:14.585,4.050890000000001,4.04854,1100,1400
24.06.2024 00:03:14.736,4.05085,4.04868,1200,400
24.06.2024 00:03:24.729,4.05082,4.048690000000001,700,800
24.06.2024 00:03:34.504,4.05083,4.04842,400,1100
24.06.2024 00:03:34.655,4.05086,4.04864,700,400
24.06.2024 00:03:43.777,4.0510600000000005,4.04884,660,900
24.06.2024 00:03:43.931,4.05111,4.04884,700,900
24.06.2024 00:03:55.760,4.05104,4.04861,600,800
24.06.2024 00:03:55.911,4.051080000000001,4.04886,900,400
24.06.2024 00:03:56.012,4.050750000000001,4.0488100000000005,1100,1100
24.06.2024 00:03:58.241,4.05076,4.048690000000001,600,1100
24.06.2024 00:04:01.602,4.050590000000001,4.0486,1100,1000
24.06.2024 00:04:11.729,4.050590000000001,4.048629999999999,1200,500
24.06.2024 00:04:21.701,4.050619999999999,4.04861,1100,1200
24.06.2024 00:04:24.911,4.050400000000001,4.04839,900,900
24.06.2024 00:04:33.336,4.05074,4.04852,1300,500
24.06.2024 00:04:43.498,4.05072,4.0485,1400,800
24.06.2024 00:05:03.901,4.05038,4.048229999999999,1400,700
24.06.2024 00:05:04.404,4.05042,4.047929999999999,800,-40
24.06.2024 00:05:04.505,4.0502,4.04804,1000,1400
24.06.2024 00:05:05.861,4.05016,4.047770000000001,500,660
24.06.2024 00:05:05.962,4.05014,4.047770000000001,500,760
24.06.2024 00:05:06.113,4.0501700000000005,4.04792,1000,700
24.06.2024 00:05:08.067,4.05009,4.04767,400,400
24.06.2024 00:05:08.218,4.050130000000001,4.04796,1200,1000
24.06.2024 00:05:11.123,4.05012,4.047949999999999,1000,1100
24.06.2024 00:05:21.163,4.05007,4.047970000000001,400,400
24.06.2024 00:05:25.623,4.05006,4.047750000000001,1300,900
24.06.2024 00:05:25.674,4.0499600000000004,4.0476600000000005,600,260
24.06.2024 00:05:25.775,4.04985,4.04782,600,600
24.06.2024 00:05:25.927,4.04982,4.04764,1000,360
24.06.2024 00:05:26.028,4.04986,4.047630000000001,400,1560
24.06.2024 00:05:26.179,4.04989,4.04744,1200,600
24.06.2024 00:05:26.280,4.04997,4.0478000000000005,1100,700
24.06.2024 00:05:27.083,4.049900000000001,4.04737,500,1760
24.06.2024 00:05:29.737,4.04999,4.04776,1000,1000
24.06.2024 00:05:30.940,4.049910000000001,4.04742,1000,-40
24.06.2024 00:05:31.191,4.049860000000001,4.047429999999999,1300,760
24.06.2024 00:05:34.647,4.049910000000001,4.047720000000001,600,500
24.06.2024 00:05:34.748,4.0499600000000004,4.04743,600,860
24.06.2024 00:05:41.163,4.0499,4.04742,500,560
24.06.2024 00:05:42.567,4.049720000000001,4.04744,1200,560
24.06.2024 00:05:42.768,4.049690000000001,4.04732,1300,360
24.06.2024 00:05:43.274,4.04948,4.0469800000000005,700,760
24.06.2024 00:05:45.129,4.049460000000001,4.04749,900,600
24.06.2024 00:05:45.380,4.049480000000001,4.04697,600,500
24.06.2024 00:05:45.681,4.04915,4.04693,800,460
24.06.2024 00:05:46.133,4.049110000000001,4.046880000000001,1100,900
24.06.2024 00:05:46.184,4.04918,4.04673,1300,160
24.06.2024 00:05:46.736,4.0491600000000005,4.0466299999999995,1200,700
24.06.2024 00:05:49.041,4.04892,4.046530000000001,900,1200
24.06.2024 00:05:49.994,4.049040000000001,4.04675,400,500
24.06.2024 00:05:50.997,4.04911,4.0465,1000,1400
24.06.2024 00:05:51.199,4.049100000000001,4.04657,1300,1000
24.06.2024 00:05:51.300,4.04923,4.04649,360,800
24.06.2024 00:05:51.450,4.04925,4.0472600000000005,360,1200
24.06.2024 00:05:51.551,4.04929,4.047270000000001,-140,500
24.06.2024 00:05:51.652,4.04924,4.04743,-40,500
24.06.2024 00:05:51.703,4.0493,4.0474,760,1200
24.06.2024 00:05:51.754,4.04937,4.04741,1200,800
24.06.2024 00:05:52.657,4.04973,4.04699,60,1200
24.06.2024 00:05:52.958,4.049290000000001,4.046920000000001,1000,1300
24.06.2024 00:05:53.560,4.0492799999999995,4.046819999999999,800,660
24.06.2024 00:05:53.611,4.0493,4.04673,1000,1100
24.06.2024 00:05:53.712,4.0490200000000005,4.046690000000001,500,1000
24.06.2024 00:05:54.565,4.0494699999999995,4.04745,560,1000
24.06.2024 00:05:54.716,4.04938,4.04715,1200,700
24.06.2024 00:05:54.867,4.04953,4.04755,1200,1100
24.06.2024 00:05:55.671,4.049480000000001,4.0471,600,1300
24.06.2024 00:05:55.822,4.04952,4.04744,500,400
24.06.2024 00:05:56.174,4.049429999999999,4.0469100000000005,1300,700
24.06.2024 00:05:58.030,4.049180000000001,4.04676,1200,1000
24.06.2024 00:05:58.583,4.04937,4.04743,660,400
24.06.2024 00:05:58.884,4.04937,4.0470999999999995,560,1300
24.06.2024 00:05:59.086,4.049500000000001,4.04756,500,1200
24.06.2024 00:06:01.195,4.04957,4.04753,1400,600
24.06.2024 00:06:06.004,4.04939,4.04741,1400,400
24.06.2024 00:06:06.406,4.04927,4.04699,1300,600
24.06.2024 00:06:06.658,4.049100000000001,4.0469,400,660
24.06.2024 00:06:06.759,4.049110000000001,4.046780000000001,1200,1300
24.06.2024 00:06:06.860,4.049440000000001,4.047020000000001,160,500
24.06.2024 00:06:06.910,4.049410000000001,4.04727,160,1000
24.06.2024 00:06:07.112,4.04947,4.04754,60,500
24.06.2024 00:06:07.313,4.0495600000000005,4.04754,700,900
24.06.2024 00:06:07.815,4.04977,4.0475900000000005,1000,700
24.06.2024 00:06:08.267,4.0501700000000005,4.0477300000000005,60,500
24.06.2024 00:06:08.317,4.05016,4.04789,1000,600
24.06.2024 00:06:08.419,4.05016,4.0482700000000005,60,1300
24.06.2024 00:06:08.520,4.05013,4.0483,560,1000
24.06.2024 00:06:08.922,4.05041,4.048240000000001,700,1400
24.06.2024 00:06:11.180,4.050400000000001,4.04824,1200,900
24.06.2024 00:06:14.791,4.0506,4.0482000000000005,660,700
24.06.2024 00:06:14.841,4.0506400000000005,4.04853,460,800
24.06.2024 00:06:14.943,4.05058,4.04866,460,1100
24.06.2024 00:06:14.993,4.0506400000000005,4.04871,460,600
24.06.2024 00:06:15.094,4.05062,4.048470000000001,260,900
24.06.2024 00:06:15.295,4.05072,4.04853,1300,800
24.06.2024 00:06:15.547,4.05078,4.048369999999999,460,600
24.06.2024 00:06:15.597,4.0507800000000005,4.04839,760,700
24.06.2024 00:06:15.698,4.05082,4.04868,460,1300
24.06.2024 00:06:15.799,4.0511800000000004,4.0487,60,1300
24.06.2024 00:06:16.102,4.05121,4.049040000000001,460,1300
24.06.2024 00:06:16.353,4.05147,4.048960000000001,60,900
24.06.2024 00:06:16.655,4.051430000000001,4.0492300000000006,-140,400
24.06.2024 00:06:16.856,4.0518600000000005,4.0492099999999995,60,1100
24.06.2024 00:06:16.957,4.05194,4.04897,760,760
24.06.2024 00:06:17.008,4.05189,4.049320000000001,-140,1100
24.06.2024 00:06:17.109,4.0519,4.0489999999999995,860,60
24.06.2024 00:06:17.160,4.05171,4.04901,900,60
24.06.2024 00:06:17.261,4.0513,4.048979999999999,1300,560
24.06.2024 00:06:17.462,4.05111,4.048990000000001,900,400
24.06.2024 00:06:17.613,4.0515300000000005,4.048760000000001,760,500
24.06.2024 00:06:17.714,4.05128,4.04875,600,1200
24.06.2024 00:06:17.815,4.05095,4.048850000000001,700,1100
24.06.2024 00:06:18.017,4.051150000000001,4.04881,600,1000
24.06.2024 00:06:23.934,4.051329999999999,4.04917,60,1100
24.06.2024 00:06:24.035,4.05135,4.049390000000001,60,700
24.06.2024 00:06:24.186,4.0513699999999995,4.04903,760,1400
24.06.2024 00:06:24.287,4.051419999999999,4.04875,460,1200
24.06.2024 00:06:24.337,4.05138,4.04922,360,1200
24.06.2024 00:06:24.389,4.05136,4.04843,60,260
24.06.2024 00:06:24.489,4.05169,4.04867,1300,1300
24.06.2024 00:06:24.741,4.05138,4.04913,700,1300
24.06.2024 00:06:24.842,4.05131,4.0488,1000,1000
24.06.2024 00:06:24.942,4.05126,4.04905,700,1000
24.06.2024 00:06:25.143,4.05138,4.04884,60,1100
24.06.2024 00:06:25.194,4.05124,4.0489999999999995,1400,800
24.06.2024 00:06:25.545,4.05151,4.04934,1100,500
24.06.2024 00:06:25.696,4.05156,4.048700000000001,160,600
24.06.2024 00:06:25.997,4.051470000000001,4.049130000000001,800,700
24.06.2024 00:06:26.148,4.05154,4.049200000000001,260,1400
24.06.2024 00:06:26.349,4.0516,4.04877,360,600
24.06.2024 00:06:26.450,4.05155,4.0486200000000006,60,360
24.06.2024 00:06:26.501,4.05154,4.0490200000000005,500,1200
24.06.2024 00:06:26.652,4.05171,4.04857,-40,700
24.06.2024 00:06:26.803,4.05164,4.048770000000001,1060,800
24.06.2024 00:06:27.005,4.051310000000001,4.048900000000001,800,500
24.06.2024 00:06:29.461,4.0515099999999995,4.04895,160,600
24.06.2024 00:06:29.612,4.05143,4.04892,1300,1300
24.06.2024 00:06:30.265,4.05111,4.0486,700,1000
24.06.2024 00:06:30.366,4.05117,4.04887,1100,800
24.06.2024 00:06:31.570,4.05128,4.0490200000000005,760,800
24.06.2024 00:06:31.721,4.05127,4.04903,-40,1100
24.06.2024 00:06:31.822,4.05134,4.0487400000000004,-140,700
24.06.2024 00:06:31.923,4.05139,4.04919,800,1100
24.06.2024 00:06:32.023,4.05174,4.049029999999999,860,1200
24.06.2024 00:06:32.124,4.05121,4.048760000000001,600,160
24.06.2024 00:06:32.225,4.05131,4.04908,600,500
24.06.2024 00:06:32.427,4.0512999999999995,4.048770000000001,1200,1300
24.06.2024 00:06:32.528,4.05105,4.048760000000001,700,800
24.06.2024 00:06:33.933,4.05076,4.04859,600,1000
24.06.2024 00:06:41.202,4.05074,4.04856,1000,1200
24.06.2024 00:06:43.257,4.051020000000001,4.0485,60,1000
24.06.2024 00:06:43.307,4.05104,4.04872,560,800
24.06.2024 00:06:43.408,4.051080000000001,4.04877,360,600
24.06.2024 00:06:43.560,4.051010000000001,4.04875,660,1400
24.06.2024 00:06:43.660,4.051410000000001,4.049,560,600
24.06.2024 00:06:43.962,4.051340000000001,4.049060000000001,600,1200
24.06.2024 00:06:44.063,4.05144,4.049100000000001,760,500
24.06.2024 00:06:44.114,4.05161,4.049130000000001,700,900
24.06.2024 00:06:44.215,4.0514,4.049080000000001,1100,900
24.06.2024 00:06:44.316,4.0516,4.0491600000000005,1400,700
24.06.2024 00:06:44.568,4.0517199999999995,4.0491,-40,700
24.06.2024 00:06:45.197,4.05167,4.04917,60,400
24.06.2024 00:06:45.499,4.05154,4.049040000000001,500,400
24.06.2024 00:06:45.600,4.05124,4.04892,600,160
24.06.2024 00:06:45.701,4.05118,4.04861,900,1000
24.06.2024 00:06:45.802,4.0512500000000005,4.04877,1200,1200
24.06.2024 00:06:46.555,4.051400000000001,4.0490200000000005,560,1400
24.06.2024 00:06:46.658,4.05122,4.04891,1200,900
24.06.2024 00:06:47.862,4.051410000000001,4.049,660,600
24.06.2024 00:06:48.115,4.05138,4.04921,260,1000
24.06.2024 00:06:48.215,4.05145,4.04922,-140,400
24.06.2024 00:06:48.266,4.0515300000000005,4.04919,1100,700
24.06.2024 00:06:48.317,4.051730000000001,4.04918,860,700
24.06.2024 00:06:48.419,4.05175,4.049449999999999,-40,800
24.06.2024 00:06:48.520,4.05172,4.049520000000001,60,400
24.06.2024 00:06:48.872,4.05194,4.04948,60,1200
24.06.2024 00:06:49.124,4.05196,4.049480000000001,760,800
24.06.2024 00:06:49.325,4.051900000000001,4.04958,660,600
24.06.2024 00:06:49.375,4.051970000000001,4.04938,1300,1300
24.06.2024 00:06:49.526,4.05202,4.04957,900,1100
24.06.2024 00:06:49.627,4.052220000000001,4.049120000000001,660,900
24.06.2024 00:06:49.778,4.051780000000001,4.049450000000001,1400,1400
24.06.2024 00:06:49.879,4.05176,4.049270000000001,500,460
24.06.2024 00:06:50.080,4.05191,4.04924,800,460
24.06.2024 00:06:50.130,4.0519,4.04951,1000,500
24.06.2024 00:06:50.281,4.05159,4.04931,800,360
24.06.2024 00:06:50.382,4.05165,4.0493500000000004,700,1100
24.06.2024 00:06:50.734,4.05139,4.04894,600,600
24.06.2024 00:06:50.835,4.05136,4.0490900000000005,800,900
24.06.2024 00:06:51.187,4.051379999999999,4.049100000000001,700,600
24.06.2024 00:06:51.238,4.05162,4.0491600000000005,860,600
24.06.2024 00:06:51.339,4.05161,4.04874,-140,-40
24.06.2024 00:06:51.540,4.05134,4.04926,1200,900
24.06.2024 00:06:51.691,4.05159,4.04918,-40,800
24.06.2024 00:06:51.742,4.05159,4.049200000000001,560,1300
24.06.2024 00:06:51.793,4.05142,4.0488800000000005,1400,1000
24.06.2024 00:06:51.894,4.051430000000001,4.04916,400,1000
24.06.2024 00:06:52.346,4.051520000000001,4.049080000000001,-140,1300
24.06.2024 00:06:52.397,4.051500000000001,4.049079999999999,-40,1000
24.06.2024 00:06:52.498,4.05139,4.049110000000001,800,1100
24.06.2024 00:06:52.649,4.05165,4.04908,860,700
24.06.2024 00:06:52.749,4.05161,4.048719999999999,160,600
24.06.2024 00:06:52.901,4.051360000000001,4.04928,1400,800
24.06.2024 00:06:53.353,4.0513200000000005,4.04894,900,1200
24.06.2024 00:06:53.454,4.051340000000001,4.04896,1100,600
24.06.2024 00:06:53.555,4.05118,4.04901,700,600
24.06.2024 00:06:53.757,4.0513900000000005,4.048800000000001,800,600
24.06.2024 00:06:53.858,4.05154,4.0488100000000005,-40,500
24.06.2024 00:06:53.908,4.05127,4.04899,1300,1000
24.06.2024 00:06:54.110,4.05144,4.04875,160,760
24.06.2024 00:06:54.261,4.0515300000000005,4.0488599999999995,760,500
24.06.2024 00:06:54.613,4.05131,4.04875,1100,260
24.06.2024 00:06:54.714,4.051419999999999,4.04872,460,660
24.06.2024 00:06:55.016,4.05146,4.04919,60,700
24.06.2024 00:06:55.117,4.05175,4.04891,560,760
24.06.2024 00:06:55.570,4.051710000000001,4.04892,1200,660
24.06.2024 00:06:55.671,4.051750000000001,4.0492300000000006,460,900
24.06.2024 00:06:55.822,4.05161,4.04908,900,600
24.06.2024 00:06:55.873,4.05153,4.04898,700,60
24.06.2024 00:06:55.974,4.0513200000000005,4.04904,1100,260
24.06.2024 00:06:56.075,4.05133,4.04903,500,260
24.06.2024 00:06:56.175,4.05131,4.04864,1100,1000
24.06.2024 00:06:56.226,4.0515300000000005,4.04864,460,460
24.06.2024 00:06:56.277,4.05141,4.048830000000001,800,800
24.06.2024 00:06:56.428,4.05115,4.0486,1300,1000
24.06.2024 00:06:56.529,4.05112,4.0486200000000006,1000,560
24.06.2024 00:06:56.579,4.05121,4.0486699999999995,1300,1400
24.06.2024 00:06:56.680,4.05091,4.04878,500,1100
24.06.2024 00:07:01.195,4.0509699999999995,4.0487,900,500
24.06.2024 00:07:02.199,4.05131,4.04883,460,1400
24.06.2024 00:07:02.300,4.05129,4.04892,860,500
24.06.2024 00:07:02.401,4.05125,4.048979999999999,760,700
24.06.2024 00:07:02.452,4.05124,4.04879,-140,500
24.06.2024 00:07:02.553,4.05129,4.04909,760,1200
24.06.2024 00:07:02.654,4.05126,4.04859,760,900
24.06.2024 00:07:02.755,4.051570000000001,4.04924,260,600
24.06.2024 00:07:02.956,4.0516,4.04887,60,60
24.06.2024 00:07:03.158,4.05165,4.04908,1560,600
24.06.2024 00:07:03.309,4.051800000000001,4.04905,560,400
24.06.2024 00:07:03.710,4.051800000000001,4.04925,-140,700
24.06.2024 00:07:03.811,4.05182,4.0489999999999995,660,660
24.06.2024 00:07:03.862,4.0517199999999995,4.049040000000001,600,800
24.06.2024 00:07:03.912,4.05189,4.04892,1300,760
24.06.2024 00:07:04.063,4.05182,4.049040000000001,160,1100
24.06.2024 00:07:04.164,4.051810000000001,4.0494900000000005,660,700
24.06.2024 00:07:04.265,4.051810000000001,4.04916,1200,1100
24.06.2024 00:07:04.367,4.05203,4.04934,-140,800
24.06.2024 00:07:04.417,4.0520499999999995,4.04892,760,1300
24.06.2024 00:07:04.468,4.05197,4.0485500000000005,460,-40
24.06.2024 00:07:04.569,4.052029999999999,4.049060000000001,760,800
24.06.2024 00:07:04.770,4.0519799999999995,4.04954,160,400
24.06.2024 00:07:04.871,4.0520700000000005,4.04954,660,700
24.06.2024 00:07:04.922,4.05201,4.049040000000001,560,-140
24.06.2024 00:07:05.374,4.05205,4.04955,460,1200
24.06.2024 00:07:05.526,4.052090000000001,4.04917,-40,460
24.06.2024 00:07:05.978,4.052170000000001,4.04917,-40,460
24.06.2024 00:07:06.280,4.05062,4.047470000000001,560,60
24.06.2024 00:07:06.331,4.050660000000001,4.047610000000001,160,1200
24.06.2024 00:07:06.432,4.05032,4.04749,900,660
24.06.2024 00:07:06.583,4.0503100000000005,4.047470000000001,700,60
24.06.2024 00:07:06.684,4.04977,4.047490000000001,900,860
24.06.2024 00:07:06.835,4.04977,4.04743,1400,160
24.06.2024 00:07:07.387,4.04981,4.047,700,860
24.06.2024 00:07:07.438,4.0498400000000006,4.04699,800,160
24.06.2024 00:07:07.539,4.04971,4.0470299999999995,600,160
24.06.2024 00:07:07.690,4.04961,4.0470299999999995,500,560
24.06.2024 00:07:07.791,4.04989,4.04703,700,60
24.06.2024 00:07:07.892,4.04955,4.04668,360,560
24.06.2024 00:07:08.194,4.04961,4.046800000000001,-40,900
24.06.2024 00:07:08.245,4.0495600000000005,4.0466999999999995,660,260
24.06.2024 00:07:08.496,4.0494699999999995,4.0467900000000006,260,360
24.06.2024 00:07:09.149,4.0496,4.046640000000001,760,500
24.06.2024 00:07:09.652,4.04952,4.04662,760,500
24.06.2024 00:07:10.555,4.04945,4.046760000000001,860,160
24.06.2024 00:07:11.910,4.049670000000001,4.04673,860,160
24.06.2024 00:07:12.412,4.04959,4.0466500000000005,860,260
24.06.2024 00:07:13.367,4.04959,4.04666,800,-40
24.06.2024 00:07:13.468,4.04941,4.046460000000001,560,-140
24.06.2024 00:07:13.569,4.049329999999999,4.04665,160,900
24.06.2024 00:07:13.620,4.0494,4.046460000000001,860,760
24.06.2024 00:07:13.872,4.04932,4.04652,160,400
24.06.2024 00:07:14.124,4.0495,4.04677,160,-140
24.06.2024 00:07:15.777,4.049440000000001,4.04675,760,600
24.06.2024 00:07:16.430,4.0494900000000005,4.04681,60,400
24.06.2024 00:07:17.834,4.0495,4.046740000000001,-40,700
24.06.2024 00:07:18.386,4.04943,4.04673,-140,160
24.06.2024 00:07:18.938,4.04962,4.04676,360,160
24.06.2024 00:07:19.992,4.04959,4.04685,-40,460
24.06.2024 00:07:20.997,4.049670000000001,4.04668,360,360
24.06.2024 00:07:22.149,4.04948,4.0467,500,1760
24.06.2024 00:07:22.250,4.04939,4.04677,660,900
24.06.2024 00:07:22.652,4.04939,4.04669,360,1100
24.06.2024 00:07:22.702,4.049620000000001,4.046850000000001,160,560
24.06.2024 00:07:22.854,4.049440000000001,4.046850000000001,900,60
24.06.2024 00:07:22.904,4.0496,4.04687,560,60
24.06.2024 00:07:23.206,4.04942,4.04658,160,1100
24.06.2024 00:07:24.060,4.04942,4.046730000000001,260,500
24.06.2024 00:07:24.612,4.049390000000001,4.0466500000000005,1400,-140
24.06.2024 00:07:24.663,4.049440000000001,4.04669,360,460
24.06.2024 00:07:24.764,4.04939,4.04673,560,1000
24.06.2024 00:07:24.965,4.04943,4.0467,460,800
24.06.2024 00:07:25.166,4.0493500000000004,4.04696,1100,1000
24.06.2024 00:07:25.267,4.04942,4.04696,-40,1200
24.06.2024 00:07:25.870,4.049460000000001,4.04699,60,1100
24.06.2024 00:07:27.104,4.049440000000001,4.046950000000001,60,1100
24.06.2024 00:07:27.406,4.049500000000001,4.04684,760,900
24.06.2024 00:07:27.608,4.049500000000001,4.0469,-40,500
24.06.2024 00:07:29.162,4.049340000000001,4.04683,600,1000
24.06.2024 00:07:30.266,4.0492799999999995,4.04686,460,1000
24.06.2024 00:07:31.170,4.04929,4.04687,560,1100
24.06.2024 00:07:33.429,4.04924,4.046780000000001,560,900
24.06.2024 00:07:33.530,4.0492300000000006,4.04679,160,500
24.06.2024 00:07:33.581,4.049180000000001,4.04673,800,1200
24.06.2024 00:07:34.082,4.04912,4.04675,-40,1100
24.06.2024 00:07:34.333,4.04907,4.046779999999999,360,500
24.06.2024 00:07:34.434,4.0490900000000005,4.04686,260,800
24.06.2024 00:07:34.635,4.04946,4.0467,800,1200
24.06.2024 00:07:34.686,4.04918,4.046749999999999,600,700
24.06.2024 00:07:35.037,4.04941,4.04675,900,500
24.06.2024 00:07:35.088,4.04962,4.0469,1100,900
24.06.2024 00:07:36.291,4.04934,4.0467900000000006,-140,1100
24.06.2024 00:07:36.392,4.04939,4.04706,60,1300
24.06.2024 00:07:37.494,4.04937,4.0469100000000005,1000,1300
24.06.2024 00:07:40.102,4.04912,4.04692,1400,600
24.06.2024 00:07:50.324,4.049060000000001,4.0469100000000005,1400,1000
24.06.2024 00:08:12.826,4.04927,4.04689,700,1000
24.06.2024 00:08:22.083,4.049120000000001,4.04691,560,1200
24.06.2024 00:08:24.288,4.04925,4.046880000000001,1200,1100
24.06.2024 00:08:26.745,4.049050000000001,4.0469,60,1400
24.06.2024 00:08:26.796,4.0491,4.04662,60,1400
24.06.2024 00:08:26.848,4.0491,4.046830000000001,460,1300
24.06.2024 00:08:27.651,4.04919,4.046930000000001,600,900
24.06.2024 00:08:28.754,4.049180000000001,4.04656,700,1200
24.06.2024 00:08:28.855,4.04922,4.04694,1300,800
24.06.2024 00:08:28.905,4.04928,4.04675,400,800
24.06.2024 00:08:28.957,4.04919,4.04684,800,1200
24.06.2024 00:08:38.933,4.04915,4.0469100000000005,1000,400
24.06.2024 00:08:44.248,4.049030000000001,4.04667,900,700
24.06.2024 00:08:54.269,4.049029999999999,4.04671,1000,1000
24.06.2024 00:09:07.288,4.04879,4.0465800000000005,1100,500
24.06.2024 00:09:21.170,4.04881,4.046530000000001,900,1100
24.06.2024 00:09:26.935,4.04889,4.04639,760,900
24.06.2024 00:09:26.986,4.04885,4.0468,260,1400
24.06.2024 00:09:27.087,4.048979999999999,4.0464400000000005,760,800
24.06.2024 00:09:27.338,4.04903,4.04694,260,500
24.06.2024 00:09:27.439,4.049,4.04646,660,1200
24.06.2024 00:09:27.591,4.04911,4.04642,700,700
24.06.2024 00:09:28.544,4.04907,4.04645,600,1400
24.06.2024 00:09:30.851,4.048979999999999,4.04639,-40,800
24.06.2024 00:09:32.456,4.04894,4.0464,760,900
24.06.2024 00:09:37.919,4.04877,4.04617,400,1200
24.06.2024 00:09:38.872,4.048710000000001,4.04619,660,500
24.06.2024 00:09:44.539,4.048660000000001,4.0466,1200,500
24.06.2024 00:09:46.994,4.04867,4.046550000000001,1360,700
24.06.2024 00:10:11.193,4.04868,4.04649,700,1400
24.06.2024 00:10:38.513,4.04871,4.04649,1300,600
24.06.2024 00:10:44.542,4.04863,4.04621,1100,1100
24.06.2024 00:10:44.592,4.04865,4.046430000000001,1300,1400
24.06.2024 00:10:52.965,4.04864,4.04627,1000,900
24.06.2024 00:10:53.066,4.048719999999999,4.0464,1000,1100
24.06.2024 00:10:53.117,4.04871,4.04615,700,700
24.06.2024 00:10:53.318,4.04872,4.0462,1200,900
24.06.2024 00:10:57.429,4.04876,4.04638,760,1000
24.06.2024 00:11:01.190,4.04876,4.046320000000001,360,400
24.06.2024 00:11:06.198,4.04871,4.04653,860,600
24.06.2024 00:11:07.404,4.04861,4.04657,760,800
24.06.2024 00:11:11.314,4.04868,4.04654,260,1000
24.06.2024 00:11:12.616,4.04872,4.04638,260,1100
24.06.2024 00:11:18.227,4.0487400000000004,4.04654,760,500
24.06.2024 00:11:22.690,4.048760000000001,4.04621,1660,800
24.06.2024 00:11:24.894,4.0487,4.04641,-40,1000
24.06.2024 00:11:28.357,4.04872,4.04658,560,800
24.06.2024 00:11:29.010,4.048769999999999,4.04659,1300,500
24.06.2024 00:11:29.311,4.04872,4.0466299999999995,1000,1200
24.06.2024 00:11:34.522,4.048710000000001,4.04621,600,800
24.06.2024 00:11:34.573,4.0487,4.0463,160,1000
24.06.2024 00:11:36.078,4.04866,4.04651,160,400
24.06.2024 00:11:36.680,4.04872,4.04636,60,700
24.06.2024 00:11:37.933,4.04875,4.04665,760,1200
24.06.2024 00:11:38.183,4.0487,4.04633,660,1200
24.06.2024 00:11:38.234,4.04872,4.04654,660,1200
24.06.2024 00:11:40.943,4.0487400000000004,4.04644,760,1400
24.06.2024 00:11:54.824,4.048719999999999,4.04632,360,1300
24.06.2024 00:11:54.875,4.04872,4.04647,60,400
24.06.2024 00:12:09.708,4.04875,4.04628,260,1400
24.06.2024 00:12:09.759,4.048710000000001,4.0465,660,1200
24.06.2024 00:12:09.811,4.04875,4.046250000000001,-40,1300
24.06.2024 00:12:10.814,4.0486699999999995,4.0464,760,600
24.06.2024 00:12:10.915,4.0487,4.04627,60,1200
24.06.2024 00:12:11.166,4.048719999999999,4.04632,160,1000
24.06.2024 00:12:12.529,4.04873,4.04629,860,700
24.06.2024 00:12:13.082,4.0487,4.04664,60,700
24.06.2024 00:12:13.433,4.04873,4.04644,860,1100
24.06.2024 00:12:16.855,4.0487,4.04631,360,1100
24.06.2024 00:12:17.107,4.048830000000001,4.046329999999999,260,1300
24.06.2024 00:12:17.508,4.0488100000000005,4.0463000000000005,560,700
24.06.2024 00:12:18.111,4.048850000000001,4.0466500000000005,360,800
24.06.2024 00:12:18.161,4.04882,4.04665,1100,700
24.06.2024 00:12:18.613,4.04879,4.04634,1000,500
24.06.2024 00:12:19.816,4.048850000000001,4.04637,660,700
24.06.2024 00:12:21.572,4.04879,4.046290000000001,360,1200
24.06.2024 00:12:27.940,4.048850000000001,4.04628,1160,600
24.06.2024 00:12:28.993,4.04884,4.046270000000001,360,1200
24.06.2024 00:12:34.607,4.048830000000001,4.04652,160,1000
24.06.2024 00:12:35.760,4.04884,4.046360000000001,660,600
24.06.2024 00:12:37.415,4.04881,4.04663,160,1300
24.06.2024 00:12:38.067,4.048760000000001,4.0464,60,1100
24.06.2024 00:12:41.175,4.04886,4.04636,-140,1000
24.06.2024 00:12:46.487,4.04876,4.04631,1460,600
24.06.2024 00:12:57.968,4.04882,4.04626,1660,500
24.06.2024 00:12:59.021,4.048780000000001,4.04631,60,1400
24.06.2024 00:13:00.024,4.04885,4.04649,860,900
24.06.2024 00:13:01.077,4.04879,4.04649,-40,600
24.06.2024 00:13:02.081,4.04884,4.046600000000001,560,500
24.06.2024 00:13:02.583,4.04899,4.046600000000001,60,1200
24.06.2024 00:13:09.713,4.0490200000000005,4.04662,660,1300
24.06.2024 00:13:36.779,4.049029999999999,4.04657,160,1400
24.06.2024 00:13:59.591,4.04898,4.04654,160,1000
24.06.2024 00:14:01.093,4.04905,4.0466299999999995,60,1000
24.06.2024 00:14:05.205,4.04906,4.04665,560,1000
24.06.2024 00:14:12.076,4.0489999999999995,4.04684,260,900
24.06.2024 00:14:12.227,4.04915,4.046820000000001,660,1400
24.06.2024 00:14:24.149,4.04913,4.04713,260,400
24.06.2024 00:14:24.250,4.049110000000001,4.047160000000001,560,1200
24.06.2024 00:14:24.402,4.04913,4.04742,660,1400
24.06.2024 00:14:24.653,4.0496,4.04758,760,800
24.06.2024 00:14:25.155,4.049980000000001,4.047630000000001,760,600
24.06.2024 00:14:25.607,4.04992,4.04789,60,1400
24.06.2024 00:14:25.658,4.05034,4.04788,360,600
24.06.2024 00:14:26.211,4.05042,4.047879999999999,1200,400
24.06.2024 00:14:29.066,4.050610000000001,4.048170000000001,-40,900
24.06.2024 00:14:29.167,4.05039,4.0484100000000005,160,1400
24.06.2024 00:14:29.319,4.05044,4.04848,360,1300
24.06.2024 00:14:29.620,4.050820000000001,4.0488100000000005,860,1100
24.06.2024 00:14:29.671,4.05088,4.04892,560,600
24.06.2024 00:14:29.923,4.05087,4.049,560,800
24.06.2024 00:14:30.024,4.050840000000001,4.04892,560,1300
24.06.2024 00:14:30.125,4.051240000000001,4.048980000000001,360,500
24.06.2024 00:14:30.326,4.05119,4.0489500000000005,460,500
24.06.2024 00:14:30.427,4.05122,4.04913,860,800
24.06.2024 00:14:30.628,4.05146,4.04914,460,700
24.06.2024 00:14:31.180,4.051419999999999,4.049150000000001,560,1400
24.06.2024 00:14:31.583,4.05143,4.04891,760,700
24.06.2024 00:14:31.684,4.0515799999999995,4.04894,460,1200
24.06.2024 00:14:31.785,4.051620000000001,4.04875,460,1460
24.06.2024 00:14:31.886,4.0515300000000005,4.04915,660,800
24.06.2024 00:14:31.987,4.05155,4.048680000000001,560,1100
24.06.2024 00:14:32.088,4.05159,4.049150000000001,260,1300
24.06.2024 00:14:32.390,4.05159,4.04923,60,800
24.06.2024 00:14:32.742,4.0516700000000005,4.048970000000001,-40,-40
24.06.2024 00:14:32.792,4.05165,4.0492,560,1100
24.06.2024 00:14:32.843,4.05166,4.048940000000001,760,460
24.06.2024 00:14:33.296,4.05161,4.0488,760,1200
24.06.2024 00:14:33.748,4.05168,4.04891,560,900
24.06.2024 00:14:33.799,4.051740000000001,4.04897,160,1400
24.06.2024 00:14:33.900,4.051730000000001,4.048920000000001,-40,660
24.06.2024 00:14:34.102,4.05182,4.04893,560,500
24.06.2024 00:14:34.353,4.05158,4.04894,-140,600
24.06.2024 00:14:34.454,4.051550000000001,4.0488,160,1100
24.06.2024 00:14:34.857,4.0516,4.048710000000001,160,860
24.06.2024 00:14:34.907,4.05163,4.04883,160,-40
24.06.2024 00:14:35.409,4.05161,4.04869,660,460
24.06.2024 00:14:35.762,4.0516000000000005,4.04896,560,900
24.06.2024 00:14:35.813,4.05158,4.04869,-40,760
24.06.2024 00:14:36.014,4.051620000000001,4.048710000000001,360,860
24.06.2024 00:14:36.166,4.05163,4.04875,360,1100
24.06.2024 00:14:36.418,4.0516700000000005,4.04877,560,1400
24.06.2024 00:14:36.469,4.05159,4.04872,560,660
24.06.2024 00:14:36.571,4.051620000000001,4.04889,260,460
24.06.2024 00:14:36.922,4.05168,4.04911,260,700
24.06.2024 00:14:37.074,4.05177,4.04906,-40,260
24.06.2024 00:14:37.391,4.05173,4.0491600000000005,660,800
24.06.2024 00:14:37.443,4.0517900000000004,4.0491,-140,160
24.06.2024 00:14:37.595,4.051620000000001,4.049030000000001,260,700
24.06.2024 00:14:37.696,4.05161,4.049119999999999,860,1000
24.06.2024 00:14:38.099,4.05172,4.04889,-40,760
24.06.2024 00:14:38.351,4.051679999999999,4.049110000000001,-40,1300
24.06.2024 00:14:38.402,4.0516700000000005,4.04892,260,160
24.06.2024 00:14:38.703,4.051640000000001,4.04891,360,260
24.06.2024 00:14:38.904,4.0516700000000005,4.049220000000001,60,500
24.06.2024 00:14:39.055,4.05165,4.04889,260,160
24.06.2024 00:14:39.206,4.051830000000001,4.04893,560,-40
24.06.2024 00:14:39.307,4.0517900000000004,4.04898,560,600
24.06.2024 00:14:39.458,4.05182,4.04894,260,60
24.06.2024 00:14:39.710,4.05166,4.0488100000000005,660,560
24.06.2024 00:14:39.811,4.05169,4.04886,460,400
24.06.2024 00:14:39.912,4.05164,4.048800000000001,360,60
24.06.2024 00:14:40.063,4.05169,4.04901,-140,600
24.06.2024 00:14:40.164,4.05172,4.04907,360,1200
24.06.2024 00:14:40.265,4.05164,4.04915,360,600
24.06.2024 00:14:40.417,4.05158,4.04871,560,360
24.06.2024 00:14:40.668,4.05162,4.04903,760,700
24.06.2024 00:14:40.769,4.051830000000001,4.049070000000001,460,1000
24.06.2024 00:14:40.820,4.05191,4.04872,360,1300
24.06.2024 00:14:40.921,4.051880000000001,4.04925,860,800
24.06.2024 00:14:41.021,4.051900000000001,4.04884,760,1300
24.06.2024 00:14:41.173,4.05185,4.04885,-40,1300
24.06.2024 00:14:41.324,4.05174,4.04884,260,1200
24.06.2024 00:14:41.425,4.05176,4.04885,560,500
24.06.2024 00:14:41.526,4.05169,4.049119999999999,560,900
24.06.2024 00:14:41.627,4.05167,4.04886,460,850
24.06.2024 00:14:41.728,4.05171,4.04918,660,800
24.06.2024 00:14:41.829,4.05174,4.048830000000001,-140,250
24.06.2024 00:14:41.880,4.051769999999999,4.04891,-40,60
24.06.2024 00:14:42.031,4.05176,4.04928,60,800
24.06.2024 00:14:42.283,4.0517,4.04893,760,700
24.06.2024 00:14:42.584,4.05162,4.048920000000001,1300,360
24.06.2024 00:14:42.836,4.05167,4.04886,560,-140
24.06.2024 00:14:42.937,4.051590000000001,4.04899,600,900
24.06.2024 00:14:43.138,4.05165,4.04882,260,700
24.06.2024 00:14:43.389,4.05169,4.0487,260,660
24.06.2024 00:14:43.691,4.051620000000001,4.04889,1400,500
24.06.2024 00:14:43.892,4.051620000000001,4.048760000000001,1300,560
24.06.2024 00:14:44.043,4.051380000000001,4.04859,660,260
24.06.2024 00:14:44.245,4.051380000000001,4.04891,560,700
24.06.2024 00:14:44.346,4.0513900000000005,4.04892,160,900
24.06.2024 00:14:45.099,4.051340000000001,4.04867,160,460
24.06.2024 00:14:45.150,4.051380000000001,4.04868,260,700
24.06.2024 00:14:45.200,4.0513900000000005,4.04865,660,1760
24.06.2024 00:14:45.301,4.0513900000000005,4.04884,360,800
24.06.2024 00:14:45.503,4.05136,4.0490900000000005,60,600
24.06.2024 00:14:45.604,4.051360000000001,4.0489500000000005,-40,900
24.06.2024 00:14:45.705,4.051819999999999,4.049170000000001,760,400
24.06.2024 00:14:45.806,4.051740000000001,4.04913,500,600
24.06.2024 00:14:46.007,4.0518,4.049340000000001,60,1100
24.06.2024 00:14:46.108,4.051769999999999,4.048980000000001,460,760
24.06.2024 00:14:46.209,4.051679999999999,4.04906,1000,1100
24.06.2024 00:14:46.310,4.05174,4.049390000000001,860,1000
24.06.2024 00:14:46.461,4.05171,4.0491399999999995,460,400
24.06.2024 00:14:46.562,4.05171,4.048780000000001,60,1300
24.06.2024 00:14:46.763,4.0518600000000005,4.04893,360,60
24.06.2024 00:14:47.366,4.0518600000000005,4.04894,1200,1100
24.06.2024 00:14:47.717,4.05209,4.049329999999999,160,1000
24.06.2024 00:14:48.069,4.051810000000001,4.04938,860,1200
24.06.2024 00:14:48.320,4.051800000000001,4.048970000000001,760,700
24.06.2024 00:14:48.671,4.0518600000000005,4.04933,60,700
24.06.2024 00:14:48.873,4.05184,4.049440000000001,60,700
24.06.2024 00:14:49.274,4.05203,4.049430000000001,160,700
24.06.2024 00:14:50.178,4.052030000000001,4.0492099999999995,260,360
24.06.2024 00:14:50.229,4.0518600000000005,4.04917,1100,-40
24.06.2024 00:14:50.381,4.052080000000001,4.0492099999999995,460,260
24.06.2024 00:14:50.481,4.051699999999999,4.04924,260,800
24.06.2024 00:14:50.783,4.0516,4.049340000000001,600,900
24.06.2024 00:14:50.833,4.05166,4.04894,160,560
24.06.2024 00:14:51.135,4.0515099999999995,4.04917,1400,1300
24.06.2024 00:14:51.386,4.051810000000001,4.0492,260,1400
24.06.2024 00:14:51.537,4.05175,4.049250000000001,660,700
24.06.2024 00:14:51.588,4.05178,4.04879,560,460
24.06.2024 00:14:51.688,4.05161,4.0490900000000005,400,500
24.06.2024 00:14:51.940,4.05144,4.04893,1200,500
24.06.2024 00:14:52.192,4.05144,4.049110000000001,500,1200
24.06.2024 00:14:53.095,4.051330000000001,4.04871,500,260
24.06.2024 00:14:53.196,4.051480000000001,4.0489,1100,1300
24.06.2024 00:14:53.748,4.051420000000001,4.0490699999999995,1400,700
24.06.2024 00:14:55.251,4.0515,4.04905,160,800
24.06.2024 00:14:55.403,4.05167,4.0492300000000006,1100,1000
24.06.2024 00:14:55.804,4.05196,4.049250000000001,500,800
24.06.2024 00:14:56.156,4.05189,4.04945,800,1300
24.06.2024 00:14:56.708,4.05206,4.049470000000001,860,400
24.06.2024 00:14:56.859,4.05204,4.04911,260,1200
24.06.2024 00:14:57.261,4.05187,4.04947,1000,1200
24.06.2024 00:14:57.613,4.0520000000000005,4.04952,60,800
24.06.2024 00:14:57.764,4.05184,4.04939,900,1000
24.06.2024 00:14:58.016,4.05199,4.04947,260,500
24.06.2024 00:14:58.117,4.05177,4.049049999999999,1300,900
24.06.2024 00:14:58.268,4.05206,4.04948,60,1300
24.06.2024 00:14:58.368,4.05191,4.049270000000001,500,160
24.06.2024 00:14:58.570,4.05159,4.0493,600,660
24.06.2024 00:14:58.671,4.05189,4.04926,800,360
24.06.2024 00:14:59.073,4.05153,4.0488100000000005,800,400
24.06.2024 00:14:59.324,4.0516000000000005,4.04921,1100,900
24.06.2024 00:14:59.675,4.05135,4.04877,1000,1400
24.06.2024 00:14:59.826,4.05126,4.049010000000001,1100,400
24.06.2024 00:15:00.228,4.0515099999999995,4.04903,760,1200
24.06.2024 00:15:00.329,4.051559999999999,4.0492099999999995,560,1100
24.06.2024 00:15:00.380,4.05156,4.04919,60,1100
24.06.2024 00:15:00.531,4.0516,4.04922,160,700
24.06.2024 00:15:00.632,4.05157,4.04921,-40,700
24.06.2024 00:15:00.733,4.0518,4.04921,760,1300
24.06.2024 00:15:00.834,4.051780000000001,4.0492300000000006,900,1100
24.06.2024 00:15:01.035,4.0518600000000005,4.04923,560,1300
24.06.2024 00:15:01.186,4.05185,4.049250000000001,860,1300
24.06.2024 00:15:01.588,4.0518,4.04955,-40,900
24.06.2024 00:15:01.890,4.052180000000001,4.04953,160,800
24.06.2024 00:15:02.142,4.052180000000001,4.0498,60,700
24.06.2024 00:15:02.393,4.052350000000001,4.04981,260,1200
24.06.2024 00:15:06.002,4.05235,4.0497700000000005,-40,900
24.06.2024 00:15:17.129,4.05239,4.04976,560,900
24.06.2024 00:15:25.382,4.052300000000001,4.049600000000001,1000,1100
24.06.2024 00:15:25.483,4.0521400000000005,4.04945,500,560
24.06.2024 00:15:25.584,4.05221,4.04943,500,-40
24.06.2024 00:15:25.735,4.051679999999999,4.0490900000000005,260,700
24.06.2024 00:15:26.036,4.05165,4.049340000000001,60,500
24.06.2024 00:15:26.288,4.051830000000001,4.04933,60,1100
24.06.2024 00:15:27.390,4.0519099999999995,4.0493,760,800
24.06.2024 00:15:27.542,4.05186,4.04954,660,1100
24.06.2024 00:15:27.593,4.05188,4.0492,360,760
24.06.2024 00:15:27.895,4.05217,4.0494200000000005,1400,500
24.06.2024 00:15:28.697,4.0519099999999995,4.0494200000000005,560,800
24.06.2024 00:15:30.102,4.05185,4.049180000000001,-140,1000
24.06.2024 00:15:31.306,4.051970000000001,4.04921,600,1000
24.06.2024 00:15:34.212,4.05168,4.04934,1000,1100
24.06.2024 00:15:34.313,4.051450000000001,4.04902,400,1000
24.06.2024 00:15:34.414,4.05154,4.04885,1300,500
24.06.2024 00:15:34.516,4.05169,4.04885,560,1400
24.06.2024 00:15:34.667,4.05159,4.04902,1000,500
24.06.2024 00:15:35.018,4.051430000000001,4.04906,560,700
24.06.2024 00:15:35.621,4.05165,4.04903,560,1200
24.06.2024 00:15:40.328,4.051769999999999,4.04906,1300,1000
24.06.2024 00:15:40.429,4.05128,4.049080000000001,900,600
24.06.2024 00:15:40.531,4.05168,4.04906,1200,1200
24.06.2024 00:15:40.933,4.05143,4.04905,160,600
24.06.2024 00:15:41.034,4.05147,4.0492099999999995,660,800
24.06.2024 00:15:51.361,4.05148,4.04926,560,900
24.06.2024 00:15:51.462,4.0515,4.0490200000000005,-40,700
24.06.2024 00:15:51.563,4.0513699999999995,4.04892,900,1200
24.06.2024 00:15:51.664,4.0514,4.04922,860,1000
24.06.2024 00:15:53.168,4.05159,4.0492099999999995,560,600
24.06.2024 00:15:55.773,4.051620000000001,4.04919,560,500
24.06.2024 00:15:57.125,4.05156,4.0489299999999995,1000,1100
24.06.2024 00:16:00.814,4.05144,4.04901,260,600
24.06.2024 00:16:03.923,4.051200000000001,4.04878,1200,1100
24.06.2024 00:16:04.226,4.05126,4.04879,800,500
24.06.2024 00:16:04.477,4.05124,4.0487,760,600
24.06.2024 00:16:05.330,4.05126,4.048730000000001,1200,400
24.06.2024 00:16:06.281,4.05127,4.04872,-40,1100
24.06.2024 00:16:08.839,4.051229999999999,4.04896,360,1300
24.06.2024 00:16:11.195,4.0512,4.048970000000001,-140,500
24.06.2024 00:16:15.712,4.051080000000001,4.04877,500,600
24.06.2024 00:16:26.335,4.0510600000000005,4.04876,1300,700
24.06.2024 00:16:29.244,4.05086,4.0488,1000,400
24.06.2024 00:16:29.348,4.05084,4.048760000000001,1200,400
24.06.2024 00:16:35.610,4.05074,4.04879,800,1300
24.06.2024 00:16:41.934,4.05087,4.0489500000000005,1660,1000
24.06.2024 00:16:51.456,4.05083,4.04873,1400,1000
24.06.2024 00:16:51.557,4.05083,4.048719999999999,600,1200
24.06.2024 00:16:52.008,4.05076,4.0484800000000005,800,660
24.06.2024 00:16:52.059,4.050590000000001,4.048430000000001,1400,860
24.06.2024 00:16:52.161,4.05052,4.04845,500,360
24.06.2024 00:16:52.262,4.050520000000001,4.04795,1400,1300
24.06.2024 00:16:52.664,4.05022,4.0478700000000005,900,700
24.06.2024 00:16:52.765,4.05023,4.048120000000001,1300,1100
24.06.2024 00:16:53.317,4.050130000000001,4.04783,900,1000
24.06.2024 00:16:53.920,4.05018,4.04807,1300,800
24.06.2024 00:16:54.222,4.05014,4.04789,800,1100
24.06.2024 00:16:54.925,4.05021,4.04824,500,900
24.06.2024 00:16:56.579,4.0503800000000005,4.04836,60,700
24.06.2024 00:16:56.680,4.05013,4.047899999999999,700,760
24.06.2024 00:16:57.432,4.049760000000001,4.047770000000001,1100,600
24.06.2024 00:16:57.884,4.04978,4.04767,1200,360
24.06.2024 00:16:57.985,4.04975,4.04753,1000,1000
24.06.2024 00:16:58.638,4.04957,4.04776,1300,700
24.06.2024 00:16:58.739,4.0495,4.047420000000001,700,560
24.06.2024 00:16:58.840,4.04959,4.04767,900,800
24.06.2024 00:16:59.042,4.0495,4.04758,1200,800
24.06.2024 00:16:59.344,4.049440000000001,4.04726,1300,460
24.06.2024 00:17:00.147,4.04959,4.04752,700,1000
24.06.2024 00:17:00.248,4.04959,4.04771,700,1000
24.06.2024 00:17:00.349,4.04954,4.04774,1100,1200
24.06.2024 00:17:00.800,4.04977,4.047680000000001,60,1100
24.06.2024 00:17:00.901,4.0497000000000005,4.0476,500,1200
24.06.2024 00:17:01.152,4.04977,4.0477300000000005,-140,1400
24.06.2024 00:17:01.203,4.04979,4.04768,560,1200
24.06.2024 00:17:01.555,4.049730000000001,4.04769,500,700
24.06.2024 00:17:03.109,4.04952,4.04768,900,1000
24.06.2024 00:17:03.611,4.04948,4.04733,1200,-140
24.06.2024 00:17:03.713,4.04959,4.047770000000001,600,600
24.06.2024 00:17:03.814,4.0495600000000005,4.04755,1400,900
24.06.2024 00:17:04.668,4.04966,4.04738,500,900
24.06.2024 00:17:04.869,4.04981,4.04771,360,1300
24.06.2024 00:17:05.371,4.05007,4.04799,900,800
24.06.2024 00:17:05.472,4.05015,4.047960000000001,60,1300
24.06.2024 00:17:05.974,4.050320000000001,4.04796,560,1300
24.06.2024 00:17:07.127,4.0503100000000005,4.0480599999999995,660,600
24.06.2024 00:17:07.429,4.049930000000001,4.04797,800,1000
24.06.2024 00:17:07.932,4.05008,4.047969999999999,60,800
24.06.2024 00:17:08.033,4.05006,4.047969999999999,760,1300
24.06.2024 00:17:08.384,4.050120000000001,4.04803,500,1200
24.06.2024 00:17:08.786,4.05005,4.04826,700,1200
24.06.2024 00:17:10.592,4.05033,4.0482700000000005,460,700
24.06.2024 00:17:10.693,4.050339999999999,4.04831,-40,800
24.06.2024 00:17:10.745,4.0503,4.04826,1300,800
24.06.2024 00:17:10.947,4.05047,4.04831,-140,600
24.06.2024 00:17:11.199,4.05046,4.048280000000001,460,800
24.06.2024 00:17:11.400,4.050300000000001,4.0482000000000005,1200,700
24.06.2024 00:17:11.551,4.05032,4.048290000000001,1400,500
24.06.2024 00:17:14.206,4.050129999999999,4.04776,600,1400
24.06.2024 00:17:14.307,4.05011,4.047630000000001,800,60
24.06.2024 00:17:14.408,4.04983,4.048050000000001,1200,1100
24.06.2024 00:17:14.509,4.04985,4.04785,900,1000
24.06.2024 00:17:14.610,4.049910000000001,4.04802,1000,500
24.06.2024 00:17:14.862,4.05001,4.04764,1000,1160
24.06.2024 00:17:15.013,4.049860000000001,4.04791,900,800
24.06.2024 00:17:16.420,4.0498,4.0475900000000005,800,560
24.06.2024 00:17:16.521,4.0498199999999995,4.0477300000000005,1100,700
24.06.2024 00:17:17.724,4.04988,4.047949999999999,500,600
24.06.2024 00:17:20.530,4.05004,4.04795,460,400
24.06.2024 00:17:21.165,4.05014,4.047969999999999,1200,1000
24.06.2024 00:17:21.567,4.050120000000001,4.0480100000000006,800,1400
24.06.2024 00:17:21.668,4.049910000000001,4.04794,1400,700
24.06.2024 00:17:22.121,4.049790000000001,4.047949999999999,1200,500
24.06.2024 00:17:23.777,4.05005,4.04797,660,700
24.06.2024 00:17:24.129,4.04999,4.04794,1200,900
24.06.2024 00:17:24.481,4.04977,4.04787,400,1200
24.06.2024 00:17:24.632,4.049779999999999,4.04776,700,1100
24.06.2024 00:17:25.034,4.0497499999999995,4.04751,700,860
24.06.2024 00:17:25.135,4.04973,4.04756,1300,600
24.06.2024 00:17:26.237,4.049830000000001,4.047820000000001,800,1200
24.06.2024 00:17:26.388,4.04976,4.047610000000001,700,1000
24.06.2024 00:17:26.589,4.04975,4.04782,1300,1200
24.06.2024 00:17:26.740,4.04977,4.04767,500,1100
24.06.2024 00:17:26.890,4.04975,4.04784,1300,900
24.06.2024 00:17:27.091,4.0498400000000006,4.0473799999999995,500,500
24.06.2024 00:17:27.192,4.0498400000000006,4.04766,800,1200
24.06.2024 00:17:27.744,4.04987,4.0475699999999994,600,800
24.06.2024 00:17:28.046,4.04973,4.0478700000000005,1100,1200
24.06.2024 00:17:28.247,4.04991,4.04741,1300,760
24.06.2024 00:17:28.298,4.049869999999999,4.0473,700,900
24.06.2024 00:17:28.549,4.04988,4.0478000000000005,560,1000
24.06.2024 00:17:28.900,4.049930000000001,4.0477799999999995,800,1300
24.06.2024 00:17:29.452,4.0500799999999995,4.047820000000001,160,400
24.06.2024 00:17:29.553,4.04986,4.0478700000000005,1300,600
24.06.2024 00:17:30.407,4.05001,4.04775,60,500
24.06.2024 00:17:30.557,4.05,4.04784,360,1000
24.06.2024 00:17:30.709,4.05013,4.04779,900,1000
24.06.2024 00:17:31.612,4.049870000000001,4.04791,1200,1000
24.06.2024 00:17:31.713,4.049900000000001,4.0478700000000005,1100,700
24.06.2024 00:17:31.763,4.04988,4.04811,1100,700
24.06.2024 00:17:34.724,4.04987,4.048080000000001,800,1000
24.06.2024 00:17:55.928,4.04975,4.04784,1000,1100
24.06.2024 00:17:57.182,4.04964,4.0478,1300,1200
24.06.2024 00:18:11.190,4.04966,4.04786,800,1300
24.06.2024 00:18:32.096,4.0495,4.047630000000001,500,1100
24.06.2024 00:18:32.147,4.04952,4.0475,600,-40
24.06.2024 00:18:32.298,4.04954,4.04747,1300,-140
24.06.2024 00:18:32.399,4.04927,4.047550000000001,800,500
24.06.2024 00:18:34.106,4.0491600000000005,4.0472600000000005,800,500
24.06.2024 00:18:34.307,4.04917,4.04744,800,600
24.06.2024 00:18:35.109,4.04898,4.04745,700,1100
24.06.2024 00:18:35.260,4.04902,4.047140000000001,1200,400
24.06.2024 00:18:35.461,4.049010000000001,4.0472600000000005,500,600
24.06.2024 00:18:36.112,4.049040000000001,4.0471,1300,1200
24.06.2024 00:18:36.213,4.049070000000001,4.0474000000000006,1400,1000
24.06.2024 00:18:40.119,4.04899,4.0471699999999995,1400,700
24.06.2024 00:18:40.170,4.04903,4.04703,800,360
24.06.2024 00:18:40.371,4.049049999999999,4.04739,800,1200
24.06.2024 00:18:41.125,4.04929,4.04739,1300,800
24.06.2024 00:18:42.881,4.04921,4.0474,1300,700
24.06.2024 00:18:44.134,4.0490900000000005,4.0474,1000,500
24.06.2024 00:18:45.739,4.0490699999999995,4.04732,500,600
24.06.2024 00:19:13.637,4.04899,4.047150000000001,700,1000
24.06.2024 00:19:13.689,4.048990000000001,4.04724,900,600
24.06.2024 00:19:14.241,4.04907,4.04697,800,400
24.06.2024 00:19:14.292,4.048770000000001,4.04705,1400,1100
24.06.2024 00:19:14.693,4.04879,4.04699,900,700
24.06.2024 00:19:47.676,4.04891,4.04715,1000,800
24.06.2024 00:20:01.188,4.04891,4.04722,1400,1300
24.06.2024 00:20:05.753,4.04893,4.04703,1300,1000
24.06.2024 00:20:05.854,4.04887,4.0469100000000005,900,900
24.06.2024 00:20:06.357,4.04871,4.0466500000000005,800,1100
24.06.2024 00:20:11.166,4.048690000000001,4.04666,1100,800
24.06.2024 00:20:13.920,4.048640000000001,4.04696,1100,1200
24.06.2024 00:20:18.181,4.04862,4.04696,600,400
24.06.2024 00:20:24.042,4.04851,4.0466,500,1300
24.06.2024 00:20:25.896,4.048770000000001,4.046320000000001,760,460
24.06.2024 00:20:26.701,4.04825,4.0464899999999995,1000,1300
24.06.2024 00:20:39.127,4.04844,4.04661,700,400
24.06.2024 00:20:39.880,4.048500000000001,4.04676,700,1400
24.06.2024 00:20:41.184,4.04854,4.046760000000001,500,500
24.06.2024 00:20:41.886,4.04871,4.04676,1300,1400
24.06.2024 00:20:42.087,4.04844,4.0469,800,800
24.06.2024 00:20:42.289,4.04857,4.0468,500,900
24.06.2024 00:20:43.330,4.048420000000001,4.0467,700,1200
24.06.2024 00:20:54.155,4.04844,4.04663,1300,800
24.06.2024 00:20:56.115,4.04821,4.04641,1000,1100
24.06.2024 00:20:56.266,4.04821,4.04628,700,660
24.06.2024 00:20:56.668,4.04821,4.0463,400,1200
24.06.2024 00:20:59.474,4.04821,4.046320000000001,500,1400
24.06.2024 00:21:00.278,4.04817,4.04645,1100,400
24.06.2024 00:21:01.180,4.04818,4.046450000000001,500,1300
24.06.2024 00:21:06.990,4.04812,4.04626,1400,1200
24.06.2024 00:21:08.796,4.04811,4.04629,900,700
24.06.2024 00:21:08.897,4.048240000000001,4.04623,800,900
24.06.2024 00:21:08.949,4.048019999999999,4.046080000000001,600,900
24.06.2024 00:21:10.407,4.04791,4.04603,900,700
24.06.2024 00:21:17.070,4.048,4.04616,1300,1400
24.06.2024 00:21:18.274,4.04818,4.046380000000001,1000,500
24.06.2024 00:21:18.875,4.04835,4.04641,600,700
24.06.2024 00:21:19.026,4.0483400000000005,4.0464400000000005,1400,1200
24.06.2024 00:21:29.899,4.04831,4.0465,400,900
24.06.2024 00:21:30.451,4.048299999999999,4.046390000000001,600,1000
24.06.2024 00:21:37.223,4.04839,4.046530000000001,1100,1300
24.06.2024 00:21:37.324,4.0485500000000005,4.04652,1300,1200
24.06.2024 00:21:37.877,4.048280000000001,4.04651,500,600
24.06.2024 00:21:39.330,4.04864,4.04656,60,1000
24.06.2024 00:21:39.631,4.0487400000000004,4.04654,1400,1300
24.06.2024 00:21:39.732,4.0488800000000005,4.0466,260,1100
24.06.2024 00:21:39.833,4.048579999999999,4.04671,1200,1200
24.06.2024 00:21:41.187,4.048690000000001,4.04669,1200,1100
24.06.2024 00:21:51.312,4.04867,4.04676,800,1000
24.06.2024 00:21:54.271,4.04881,4.046820000000001,1300,1200
24.06.2024 00:21:54.422,4.048769999999999,4.04678,1100,900
24.06.2024 00:21:54.674,4.04857,4.0468,1400,800
24.06.2024 00:21:56.981,4.048730000000001,4.04678,1400,500
24.06.2024 00:21:58.486,4.04886,4.047000000000001,600,1100
24.06.2024 00:22:00.693,4.04876,4.047129999999999,1100,1200
24.06.2024 00:22:01.195,4.0488,4.047130000000001,1000,800
24.06.2024 00:22:05.559,4.048980000000001,4.0471900000000005,1300,1200
24.06.2024 00:22:21.208,4.0489500000000005,4.04727,900,1200
24.06.2024 00:22:31.582,4.049,4.04727,500,1400
24.06.2024 00:22:32.685,4.04896,4.04715,500,1000
24.06.2024 00:22:40.755,4.0491399999999995,4.047230000000001,1200,1400
24.06.2024 00:22:47.922,4.049189999999999,4.04741,1300,1400
24.06.2024 00:22:51.181,4.049189999999999,4.04731,1200,1300
24.06.2024 00:23:10.951,4.04899,4.047180000000001,700,800
24.06.2024 00:23:21.176,4.04901,4.04716,1100,600
24.06.2024 00:23:22.930,4.048979999999999,4.04724,700,1300
24.06.2024 00:23:27.943,4.04899,4.047149999999999,1100,900
24.06.2024 00:23:32.854,4.04898,4.047230000000001,900,1100
24.06.2024 00:23:33.355,4.048979999999999,4.04709,1300,700
24.06.2024 00:23:33.806,4.04898,4.04725,800,900
24.06.2024 00:23:34.008,4.04901,4.0471200000000005,1300,400
24.06.2024 00:23:38.270,4.0489299999999995,4.047230000000001,1300,800
24.06.2024 00:23:48.092,4.04901,4.047180000000001,900,1200
24.06.2024 00:23:57.451,4.04896,4.04711,1100,500
24.06.2024 00:23:59.206,4.049,4.04722,900,1300
24.06.2024 00:24:04.719,4.048970000000001,4.04708,1000,1300
24.06.2024 00:24:41.163,4.0490200000000005,4.04707,700,900
24.06.2024 00:25:01.749,4.0490200000000005,4.04701,1300,1100
24.06.2024 00:25:59.082,4.04901,4.047,900,1200
24.06.2024 00:26:31.205,4.0490200000000005,4.04705,500,900
24.06.2024 00:26:41.431,4.0490900000000005,4.0470500000000005,1300,800
24.06.2024 00:26:51.554,4.0490900000000005,4.04701,1000,1200
24.06.2024 00:27:09.650,4.049080000000001,4.0471200000000005,600,600
24.06.2024 00:27:15.046,4.04886,4.046950000000001,800,1300
24.06.2024 00:27:23.718,4.0488800000000005,4.04678,1200,600
24.06.2024 00:27:24.019,4.0488800000000005,4.04697,1400,800
24.06.2024 00:27:26.025,4.0488800000000005,4.04692,1000,1100
24.06.2024 00:27:29.784,4.0488800000000005,4.04698,1300,700
24.06.2024 00:27:41.165,4.04884,4.04699,500,1100
24.06.2024 00:28:11.746,4.04885,4.0469100000000005,900,500
24.06.2024 00:28:32.500,4.04889,4.04692,700,1100
24.06.2024 00:28:45.079,4.04885,4.04694,1100,1200
24.06.2024 00:28:55.054,4.04883,4.046920000000001,1300,1000
24.06.2024 00:29:11.190,4.04888,4.04694,600,500
24.06.2024 00:29:21.471,4.04881,4.046870000000001,1200,900
24.06.2024 00:29:31.547,4.04889,4.04694,1400,1100
24.06.2024 00:29:49.335,4.0486699999999995,4.04673,600,600
24.06.2024 00:30:01.165,4.04869,4.04671,1100,1000
24.06.2024 00:30:11.186,4.048679999999999,4.046740000000001,1300,700
24.06.2024 00:30:28.235,4.04869,4.04663,1200,900
24.06.2024 00:30:57.151,4.04871,4.04672,600,600
24.06.2024 00:31:09.315,4.0486200000000006,4.04668,1100,1400
24.06.2024 00:31:19.342,4.04864,4.0466500000000005,1400,1200
24.06.2024 00:31:26.758,4.048629999999999,4.0465599999999995,500,1000
24.06.2024 00:31:31.870,4.04844,4.046470000000001,1100,1300
24.06.2024 00:31:46.305,4.048500000000001,4.0465,400,1200
24.06.2024 00:32:08.267,4.04851,4.046530000000001,900,500
24.06.2024 00:32:16.939,4.04831,4.04633,1300,60
24.06.2024 00:32:18.042,4.04832,4.04625,1300,500
24.06.2024 00:32:27.262,4.0483,4.04621,900,1000
24.06.2024 00:32:39.240,4.04826,4.04628,500,900
24.06.2024 00:33:01.195,4.04832,4.04624,500,1100
24.06.2024 00:33:11.567,4.04829,4.046250000000001,500,1200
24.06.2024 00:33:21.740,4.0483199999999995,4.04624,1100,700
24.06.2024 00:33:42.267,4.0482700000000005,4.04628,500,1300
24.06.2024 00:34:16.899,4.0483,4.046270000000001,900,500
24.06.2024 00:34:24.875,4.04814,4.04616,500,600
24.06.2024 00:34:24.926,4.0480599999999995,4.046080000000001,900,800
24.06.2024 00:34:24.976,4.047879999999999,4.04585,600,400
24.06.2024 00:34:29.837,4.047890000000001,4.045999999999999,1300,1200
24.06.2024 00:34:31.090,4.0480100000000006,4.0462,1000,900
24.06.2024 00:34:31.192,4.048080000000001,4.04614,600,1100
24.06.2024 00:34:35.902,4.04804,4.04602,900,1000
24.06.2024 00:34:36.404,4.048,4.04612,900,1200
24.06.2024 00:34:51.084,4.04807,4.046220000000001,1400,1100
24.06.2024 00:35:01.108,4.048000000000001,4.04619,800,1100
24.06.2024 00:35:19.504,4.0480100000000006,4.04608,700,800
24.06.2024 00:35:19.656,4.04781,4.04594,500,800
24.06.2024 00:35:19.810,4.04766,4.04593,1200,560
24.06.2024 00:35:20.213,4.04766,4.04573,800,1100
24.06.2024 00:35:22.368,4.04765,4.045780000000001,900,1100
24.06.2024 00:35:26.326,4.04765,4.04577,1300,1100
24.06.2024 00:35:39.808,4.0477099999999995,4.04572,1200,1000
24.06.2024 00:35:51.054,4.047700000000001,4.04573,500,800
24.06.2024 00:35:57.721,4.0477,4.04584,600,500
24.06.2024 00:36:02.133,4.04767,4.0457,500,900
24.06.2024 00:36:19.823,4.04764,4.04577,500,1100
24.06.2024 00:36:22.430,4.04774,4.0458,800,900
24.06.2024 00:36:23.081,4.04765,4.04568,1000,800
24.06.2024 00:36:23.883,4.0477099999999995,4.04586,500,1200
24.06.2024 00:36:26.690,4.04767,4.04568,700,400
24.06.2024 00:36:27.242,4.04773,4.04579,1400,1100
24.06.2024 00:36:27.343,4.04767,4.04568,1200,900
24.06.2024 00:36:59.832,4.04771,4.04575,600,500
24.06.2024 00:37:10.307,4.04764,4.04574,1000,500
24.06.2024 00:37:21.165,4.0476600000000005,4.045710000000001,1000,1400
24.06.2024 00:37:31.495,4.047700000000001,4.04574,900,500
24.06.2024 00:37:41.570,4.047700000000001,4.0457,1300,900
24.06.2024 00:38:03.122,4.04769,4.0458300000000005,1300,1300
24.06.2024 00:38:19.829,4.0477,4.04583,500,1200
24.06.2024 00:38:31.204,4.04766,4.045850000000001,900,1100
24.06.2024 00:38:41.579,4.0476600000000005,4.0458,1300,800
24.06.2024 00:39:39.820,4.0476600000000005,4.04589,500,500
24.06.2024 00:40:01.185,4.04771,4.045820000000001,900,1100
24.06.2024 00:40:03.490,4.0477300000000005,4.045770000000001,1100,900
24.06.2024 00:40:37.222,4.047670000000001,4.04581,1000,500
24.06.2024 00:40:40.180,4.04757,4.04561,500,1200
24.06.2024 00:40:40.282,4.0473,4.04542,900,60
24.06.2024 00:40:41.235,4.04734,4.04537,400,700
24.06.2024 00:40:50.277,4.0473799999999995,4.04535,500,1300
24.06.2024 00:41:01.202,4.04733,4.04544,1200,500
24.06.2024 00:41:09.323,4.047540000000001,4.045529999999999,800,1400
24.06.2024 00:41:13.083,4.04778,4.04574,500,1100
24.06.2024 00:41:23.153,4.04771,4.045800000000001,1100,700
24.06.2024 00:41:37.155,4.04778,4.04577,700,700
24.06.2024 00:41:53.694,4.0477300000000005,4.04591,400,1100
24.06.2024 00:42:00.113,4.04745,4.0456900000000005,700,1100
24.06.2024 00:42:01.166,4.04753,4.0457399999999994,400,400
24.06.2024 00:42:18.591,4.04764,4.04596,400,700
24.06.2024 00:42:25.310,4.047720000000001,4.04584,700,1100
24.06.2024 00:42:37.690,4.04772,4.04582,600,600
24.06.2024 00:42:48.569,4.047680000000001,4.045850000000001,500,1100
24.06.2024 00:43:11.188,4.04764,4.04587,600,600
24.06.2024 00:43:13.649,4.047530000000001,4.04572,1000,800
24.06.2024 00:43:14.553,4.04756,4.0456,1200,1200
24.06.2024 00:43:18.211,4.04769,4.0457600000000005,400,1300
24.06.2024 00:43:28.231,4.04764,4.04581,1300,1000
24.06.2024 00:43:50.187,4.04762,4.04574,800,1300
24.06.2024 00:44:00.614,4.0476600000000005,4.0458300000000005,1100,500
24.06.2024 00:44:20.565,4.0476600000000005,4.04583,1000,600
24.06.2024 00:44:31.192,4.0476600000000005,4.045870000000001,600,500
24.06.2024 00:44:36.003,4.04768,4.04579,500,800
24.06.2024 00:44:38.591,4.04771,4.045870000000001,1400,600
24.06.2024 00:44:41.500,4.047610000000001,4.045780000000001,1400,1200
24.06.2024 00:44:48.368,4.0476600000000005,4.045840000000001,1200,1400
24.06.2024 00:44:55.236,4.04771,4.045710000000001,800,1100
24.06.2024 00:45:08.222,4.04767,4.045780000000001,500,500
24.06.2024 00:45:18.853,4.04763,4.04574,700,1100
24.06.2024 00:45:31.206,4.0476600000000005,4.04576,500,1100
24.06.2024 00:45:41.535,4.04763,4.0457,800,600
24.06.2024 00:46:01.583,4.04763,4.045700000000001,800,500
24.06.2024 00:46:11.734,4.04771,4.04581,900,400
24.06.2024 00:46:27.525,4.0477,4.045750000000001,1200,500
24.06.2024 00:46:38.206,4.04769,4.0457,600,1100
24.06.2024 00:46:58.176,4.04762,4.045720000000001,900,1200
24.06.2024 00:47:08.403,4.047700000000001,4.0457,400,400
24.06.2024 00:47:24.845,4.0475,4.045599999999999,900,1300
24.06.2024 00:47:26.700,4.04751,4.04568,400,1100
24.06.2024 00:47:26.902,4.047350000000001,4.045450000000001,700,400
24.06.2024 00:47:27.503,4.0473300000000005,4.04541,500,1000
24.06.2024 00:47:28.756,4.04736,4.04551,1300,1300
24.06.2024 00:47:37.977,4.04736,4.045380000000001,600,700
24.06.2024 00:47:39.381,4.04733,4.04551,1200,1000
24.06.2024 00:47:40.384,4.04739,4.04535,900,900
24.06.2024 00:47:40.535,4.0473799999999995,4.04549,600,700
24.06.2024 00:47:40.586,4.047350000000001,4.0452900000000005,900,600
24.06.2024 00:47:51.164,4.04731,4.04536,900,500
24.06.2024 00:48:11.212,4.04734,4.045310000000001,700,1200
24.06.2024 00:48:31.562,4.04728,4.045380000000001,1100,1300
24.06.2024 00:48:47.998,4.04727,4.04525,1400,800
24.06.2024 00:48:48.350,4.04725,4.04534,1100,260
24.06.2024 00:48:55.765,4.04729,4.04525,1300,1100
24.06.2024 00:49:00.578,4.04725,4.04523,800,900
24.06.2024 00:49:10.854,4.04734,4.04523,800,800
24.06.2024 00:49:50.953,4.04727,4.045280000000001,900,660
24.06.2024 00:49:51.705,4.0472600000000005,4.045270000000001,500,660
24.06.2024 00:49:54.761,4.04735,4.045380000000001,1100,1400
24.06.2024 00:50:11.203,4.04732,4.04539,500,500
24.06.2024 00:50:31.701,4.0474,4.045420000000001,900,800
24.06.2024 00:50:56.078,4.04755,4.04559,1300,1400
24.06.2024 00:51:06.650,4.04757,4.0456,1000,800
24.06.2024 00:51:17.880,4.04755,4.045610000000001,1000,900
24.06.2024 00:51:31.181,4.047530000000001,4.0455700000000006,1000,900
24.06.2024 00:51:47.122,4.0477,4.04577,500,1200
24.06.2024 00:51:47.173,4.04768,4.04566,700,500
24.06.2024 00:51:47.275,4.04772,4.045640000000001,600,1400
24.06.2024 00:52:11.192,4.04766,4.04565,800,1100
24.06.2024 00:52:21.166,4.04767,4.0456,600,800
24.06.2024 00:52:41.580,4.04772,4.04565,1000,1200
24.06.2024 00:52:55.968,4.04755,4.045470000000001,1300,1000
24.06.2024 00:52:58.076,4.0473300000000005,4.04528,1300,600
24.06.2024 00:53:11.200,4.04736,4.04534,1100,600
24.06.2024 00:53:31.564,4.04741,4.04535,1100,1300
24.06.2024 00:53:41.738,4.04737,4.04528,600,1300
24.06.2024 00:53:46.848,4.0472,4.04512,500,160
24.06.2024 00:53:47.199,4.047180000000001,4.04516,500,1400
24.06.2024 00:53:54.566,4.047350000000001,4.04528,1000,1300
24.06.2024 00:54:10.472,4.047370000000001,4.04532,1100,1100
24.06.2024 00:54:31.169,4.047359999999999,4.0452699999999995,800,600
24.06.2024 00:54:53.192,4.04715,4.04514,400,600
24.06.2024 00:54:54.398,4.04731,4.045370000000001,700,700
24.06.2024 00:55:00.262,4.04715,4.045240000000001,1200,1100
24.06.2024 00:55:00.314,4.04734,4.04521,1200,1300
24.06.2024 00:55:01.919,4.04735,4.0453,800,600
24.06.2024 00:55:08.768,4.04711,4.045230000000001,1000,600
24.06.2024 00:55:15.039,4.04714,4.04502,400,1200
24.06.2024 00:55:17.596,4.0469100000000005,4.0448,1300,1100
24.06.2024 00:55:31.183,4.04697,4.04486,700,600
24.06.2024 00:55:40.354,4.04697,4.04508,400,-40
24.06.2024 00:55:41.207,4.04693,4.04485,800,1100
24.06.2024 00:55:41.558,4.04689,4.04485,1300,500
24.06.2024 00:55:56.253,4.04694,4.04504,1000,-40
24.06.2024 00:55:56.756,4.04695,4.04511,1000,660
24.06.2024 00:55:57.259,4.04692,4.04482,1200,900
24.06.2024 00:55:57.311,4.04689,4.044630000000001,1200,400
24.06.2024 00:55:58.465,4.046900000000001,4.04474,1300,60
24.06.2024 00:55:59.017,4.04684,4.044770000000001,1300,60
24.06.2024 00:55:59.669,4.04684,4.04483,1200,460
24.06.2024 00:56:00.172,4.04687,4.04471,1200,500
24.06.2024 00:56:00.273,4.0471,4.04488,700,1400
24.06.2024 00:56:01.175,4.047070000000001,4.04486,500,800
24.06.2024 00:56:05.288,4.0471,4.04501,1000,1200
24.06.2024 00:56:07.645,4.047070000000001,4.04495,600,1200
24.06.2024 00:56:09.901,4.047130000000001,4.04509,600,460
24.06.2024 00:56:10.454,4.047070000000001,4.04502,1300,900
24.06.2024 00:56:11.156,4.047130000000001,4.045100000000001,700,260
24.06.2024 00:56:14.365,4.047110000000001,4.045,1200,900
24.06.2024 00:56:14.967,4.04704,4.04512,1200,360
24.06.2024 00:56:19.026,4.04724,4.04519,500,1300
24.06.2024 00:56:26.265,4.047270000000001,4.04525,500,160
24.06.2024 00:56:26.767,4.04723,4.045240000000001,1000,1660
24.06.2024 00:56:30.178,4.0472600000000005,4.0453,900,360
24.06.2024 00:56:30.781,4.04729,4.0452200000000005,900,960
24.06.2024 00:56:31.183,4.04731,4.045230000000001,1100,700
24.06.2024 00:56:41.564,4.04721,4.0451299999999994,1200,1100
24.06.2024 00:56:43.620,4.0471,4.04504,800,700
24.06.2024 00:56:43.971,4.04706,4.04519,1300,400
24.06.2024 00:56:44.072,4.047110000000001,4.04511,700,-140
24.06.2024 00:56:45.025,4.04712,4.04521,1100,600
24.06.2024 00:56:54.995,4.047080000000001,4.04516,1200,1400
24.06.2024 00:57:11.186,4.04711,4.045190000000001,1400,700
24.06.2024 00:57:31.545,4.04706,4.04513,1300,500
24.06.2024 00:57:41.717,4.04706,4.04518,600,800
24.06.2024 00:57:51.741,4.0471,4.04517,1200,600
24.06.2024 00:58:01.725,4.047070000000001,4.045120000000001,500,600
24.06.2024 00:58:25.030,4.04706,4.04512,700,800
24.06.2024 00:58:40.818,4.047090000000001,4.04517,500,900
24.06.2024 00:59:18.093,4.04729,4.0452900000000005,600,1000
24.06.2024 00:59:30.049,4.047289999999999,4.04516,1000,800
24.06.2024 00:59:41.176,4.0472399999999995,4.045160000000001,1100,400
24.06.2024 01:00:01.928,4.047080000000001,4.044980000000001,600,260
24.06.2024 01:00:02.229,4.0471200000000005,4.04499,1200,1000
24.06.2024 01:00:03.681,4.04715,4.04513,1100,800
24.06.2024 01:00:11.280,4.04734,4.04534,1000,1000
24.06.2024 01:00:31.576,4.04724,4.04534,1100,1100
24.06.2024 01:00:51.707,4.047250000000001,4.04534,900,1000
24.06.2024 01:01:01.729,4.047320000000001,4.045330000000001,700,700
24.06.2024 01:01:21.718,4.0472600000000005,4.045319999999999,900,1000
24.06.2024 01:01:39.396,4.0474,4.04539,1000,500
24.06.2024 01:01:46.812,4.047250000000001,4.04522,700,800
24.06.2024 01:01:47.064,4.047300000000001,4.04531,1100,1200
24.06.2024 01:01:53.677,4.04741,4.04539,800,1200
24.06.2024 01:02:11.288,4.047470000000001,4.04541,1300,500
24.06.2024 01:02:21.564,4.04742,4.04544,900,600
24.06.2024 01:02:29.180,4.04746,4.04537,600,500
24.06.2024 01:02:41.213,4.04746,4.04543,1000,1300
24.06.2024 01:03:01.563,4.04746,4.04544,1000,400
24.06.2024 01:03:11.733,4.04748,4.04539,500,1200
24.06.2024 01:03:15.541,4.04725,4.045179999999999,700,360
24.06.2024 01:03:16.746,4.04723,4.04518,1000,1200
24.06.2024 01:03:25.336,4.04713,4.04511,900,660
24.06.2024 01:03:25.487,4.04711,4.04502,700,900
24.06.2024 01:03:51.547,4.04711,4.04504,1300,500
24.06.2024 01:04:01.539,4.04713,4.04503,700,600
24.06.2024 01:04:56.223,4.04732,4.04525,500,700
24.06.2024 01:05:08.400,4.04725,4.045240000000001,1000,800
24.06.2024 01:05:38.742,4.047270000000001,4.0452900000000005,1100,900
24.06.2024 01:05:52.072,4.04723,4.0452,1100,1300
24.06.2024 01:06:06.385,4.04733,4.04537,1400,400
24.06.2024 01:06:06.437,4.04755,4.045400000000001,1100,1100
24.06.2024 01:06:07.491,4.04734,4.04536,600,800
24.06.2024 01:06:08.495,4.04759,4.04544,1100,700
24.06.2024 01:06:08.800,4.04737,4.04541,900,1300
24.06.2024 01:06:11.205,4.04729,4.04534,800,400
24.06.2024 01:06:12.057,4.047359999999999,4.045380000000001,1300,500
24.06.2024 01:06:28.821,4.04739,4.0454300000000005,1100,1100
24.06.2024 01:06:32.029,4.04735,4.04535,1000,1100
24.06.2024 01:06:50.026,4.04738,4.0454300000000005,800,700
24.06.2024 01:06:52.831,4.0473099999999995,4.045240000000001,1300,1300
24.06.2024 01:06:54.835,4.047350000000001,4.045420000000001,400,1100
24.06.2024 01:06:55.287,4.0473099999999995,4.045310000000001,600,1000
24.06.2024 01:06:59.698,4.04733,4.04537,1000,1400
24.06.2024 01:07:00.852,4.04729,4.045330000000001,800,800
24.06.2024 01:07:02.656,4.04737,4.045400000000001,700,800
24.06.2024 01:07:02.707,4.04737,4.0452900000000005,1000,1200
24.06.2024 01:07:02.858,4.04738,4.045380000000001,900,1200
24.06.2024 01:07:04.862,4.047359999999999,4.045260000000001,1200,900
24.06.2024 01:07:07.982,4.04732,4.045380000000001,400,900
24.06.2024 01:07:08.293,4.04738,4.045260000000001,500,1100
24.06.2024 01:07:08.544,4.04723,4.0451500000000005,700,160
24.06.2024 01:07:08.595,4.04728,4.0450800000000005,1200,500
24.06.2024 01:07:10.048,4.0473099999999995,4.04522,1200,800
24.06.2024 01:07:12.004,4.04723,4.045170000000001,500,1000
24.06.2024 01:07:24.079,4.047219999999999,4.04524,1000,600
24.06.2024 01:07:48.551,4.0473099999999995,4.04517,600,700
24.06.2024 01:08:00.277,4.04727,4.04521,1100,1100
24.06.2024 01:08:05.335,4.04741,4.0454300000000005,800,1100
24.06.2024 01:08:15.993,4.04747,4.0454099999999995,1200,1100
24.06.2024 01:08:22.558,4.04749,4.04551,700,1300
24.06.2024 01:08:35.241,4.04748,4.04541,1300,1000
24.06.2024 01:08:36.946,4.04758,4.04562,500,1300
24.06.2024 01:08:37.549,4.0473799999999995,4.04557,1100,160
24.06.2024 01:08:38.052,4.04739,4.045520000000001,1100,1100
24.06.2024 01:08:46.737,4.04728,4.0453,700,700
24.06.2024 01:09:01.169,4.04731,4.045330000000001,600,1400
24.06.2024 01:09:11.543,4.04729,4.045260000000001,800,900
24.06.2024 01:09:12.146,4.047540000000001,4.04546,1100,800
24.06.2024 01:09:12.804,4.047270000000001,4.04544,500,500
24.06.2024 01:09:13.355,4.04724,4.04541,600,1300
24.06.2024 01:09:16.662,4.04729,4.04529,1000,600
24.06.2024 01:09:26.311,4.047440000000001,4.0454300000000005,500,700
24.06.2024 01:09:28.365,4.04743,4.0456199999999995,500,1300
24.06.2024 01:09:31.474,4.04732,4.04544,600,900
24.06.2024 01:09:35.232,4.04731,4.045369999999999,700,900
24.06.2024 01:09:38.739,4.04732,4.04547,900,1000
24.06.2024 01:09:39.590,4.0473,4.04536,400,400
24.06.2024 01:09:51.167,4.04731,4.04545,800,700
24.06.2024 01:10:00.295,4.047300000000001,4.04546,1100,1200
24.06.2024 01:10:01.299,4.047470000000001,4.0456,1300,1000
24.06.2024 01:10:02.205,4.047670000000001,4.04579,400,1300
24.06.2024 01:10:02.808,4.047630000000001,4.045870000000001,500,1100
24.06.2024 01:10:02.959,4.047610000000001,4.04579,1200,700
24.06.2024 01:10:03.160,4.047630000000001,4.045800000000001,1000,500
24.06.2024 01:10:03.211,4.047600000000001,4.045710000000001,1000,400
24.06.2024 01:10:05.168,4.04758,4.04581,600,1300
24.06.2024 01:10:15.288,4.0475900000000005,4.045780000000001,1100,500
24.06.2024 01:10:16.090,4.04779,4.04594,700,1000
24.06.2024 01:10:19.430,4.04776,4.04582,1100,1100
24.06.2024 01:10:20.183,4.04774,4.045780000000001,700,500
24.06.2024 01:10:34.923,4.04774,4.04571,1300,1300
24.06.2024 01:10:49.408,4.04779,4.045800000000001,1100,500
24.06.2024 01:10:59.415,4.04779,4.045770000000001,1400,900
24.06.2024 01:11:05.181,4.04765,4.04565,1300,-40
24.06.2024 01:11:05.883,4.047610000000001,4.04563,400,1400
24.06.2024 01:11:08.990,4.047680000000001,4.045450000000001,1300,500
24.06.2024 01:11:21.169,4.047680000000001,4.04548,900,1100
24.06.2024 01:11:28.003,4.04767,4.04567,800,1100
24.06.2024 01:11:41.186,4.0476,4.045680000000001,700,500
24.06.2024 01:12:12.312,4.047610000000001,4.0455499999999995,800,800
24.06.2024 01:12:25.144,4.0476,4.0456,1300,400
24.06.2024 01:12:27.300,4.0476600000000005,4.04561,1000,460
24.06.2024 01:12:29.857,4.047630000000001,4.04561,600,1200
24.06.2024 01:12:37.148,4.047610000000001,4.0456,900,1300
24.06.2024 01:12:47.826,4.047610000000001,4.04555,1200,600
24.06.2024 01:12:51.987,4.0474499999999995,4.04542,1200,160
24.06.2024 01:12:52.589,4.047429999999999,4.0452900000000005,1200,1300
24.06.2024 01:12:53.792,4.047490000000001,4.04554,900,500
24.06.2024 01:12:56.748,4.0475,4.0456900000000005,500,400
24.06.2024 01:13:30.085,4.04748,4.0455,1000,600
24.06.2024 01:13:41.209,4.047510000000001,4.04554,1400,1300
24.06.2024 01:13:51.209,4.04751,4.04558,500,400
24.06.2024 01:13:51.563,4.047650000000001,4.04566,700,500
24.06.2024 01:13:53.116,4.047770000000001,4.04591,600,1300
24.06.2024 01:13:55.120,4.04794,4.0460400000000005,1200,500
24.06.2024 01:13:55.221,4.04799,4.045990000000001,900,1400
24.06.2024 01:13:56.826,4.04812,4.0461800000000006,1000,500
24.06.2024 01:13:58.182,4.0479400000000005,4.046060000000001,500,600
24.06.2024 01:13:58.985,4.04778,4.04591,1100,600
24.06.2024 01:14:07.283,4.04782,4.04593,500,1300
24.06.2024 01:14:07.735,4.04794,4.04612,800,1300
24.06.2024 01:14:09.141,4.04796,4.04603,400,500
24.06.2024 01:14:09.994,4.04814,4.04626,1100,700
24.06.2024 01:14:14.261,4.048240000000001,4.04635,1000,1000
24.06.2024 01:14:16.466,4.04831,4.0464400000000005,1300,700
24.06.2024 01:14:21.327,4.0483400000000005,4.04635,1300,1000
24.06.2024 01:14:23.982,4.04811,4.04621,1100,700
24.06.2024 01:14:25.238,4.048080000000001,4.04629,1300,1200
24.06.2024 01:14:36.039,4.04807,4.04623,600,1400
24.06.2024 01:14:44.857,4.04797,4.04612,1300,1300
24.06.2024 01:15:00.245,4.04792,4.04609,400,1200
24.06.2024 01:15:00.647,4.0482000000000005,4.046270000000001,1100,600
24.06.2024 01:15:04.063,4.04821,4.0465,800,600
24.06.2024 01:15:05.216,4.048400000000001,4.04659,500,1100
24.06.2024 01:15:06.219,4.048579999999999,4.04675,1200,1100
24.06.2024 01:15:08.076,4.0486200000000006,4.04657,800,1560
24.06.2024 01:15:08.177,4.04835,4.04652,1300,1000
24.06.2024 01:15:10.136,4.0486200000000006,4.04673,700,900
24.06.2024 01:15:14.300,4.04867,4.046830000000001,800,600
24.06.2024 01:15:17.127,4.04864,4.04667,400,1400
24.06.2024 01:15:20.036,4.048690000000001,4.04686,500,1200
24.06.2024 01:15:25.302,4.04879,4.04682,500,1300
24.06.2024 01:15:28.160,4.048710000000001,4.046950000000001,700,160
24.06.2024 01:15:28.362,4.0489,4.04694,600,1200
24.06.2024 01:15:28.513,4.04899,4.04709,700,900
24.06.2024 01:15:29.268,4.04924,4.047280000000001,600,500
24.06.2024 01:15:29.923,4.049329999999999,4.0474499999999995,800,1100
24.06.2024 01:15:35.196,4.04946,4.04757,1400,1300
24.06.2024 01:15:35.248,4.04933,4.04741,1200,1100
24.06.2024 01:15:36.402,4.049480000000001,4.0475200000000005,800,600
24.06.2024 01:15:37.606,4.04941,4.04751,1200,900
24.06.2024 01:15:37.706,4.04948,4.047619999999999,1200,400
24.06.2024 01:15:37.958,4.04945,4.047490000000001,1200,1300
24.06.2024 01:15:41.568,4.04926,4.047370000000001,800,1100
24.06.2024 01:15:42.421,4.04913,4.04724,600,660
24.06.2024 01:15:42.874,4.049189999999999,4.04718,500,500
24.06.2024 01:15:56.176,4.04912,4.04725,800,1000
24.06.2024 01:15:56.277,4.04913,4.04732,1100,700
24.06.2024 01:16:08.359,4.0492,4.04729,700,1300
24.06.2024 01:16:14.974,4.04913,4.047289999999999,600,1200
24.06.2024 01:16:16.028,4.0492,4.0473300000000005,400,900
24.06.2024 01:16:16.933,4.049169999999999,4.04722,700,800
24.06.2024 01:16:18.588,4.049119999999999,4.0473099999999995,1000,1100
24.06.2024 01:16:19.239,4.04916,4.04728,600,800
24.06.2024 01:16:19.841,4.04914,4.04711,700,360
24.06.2024 01:16:20.193,4.04915,4.0471,900,1260
24.06.2024 01:16:27.109,4.0490900000000005,4.0472,700,500
24.06.2024 01:16:29.466,4.049110000000001,4.04704,1300,1200
24.06.2024 01:16:29.717,4.04893,4.04694,600,160
24.06.2024 01:16:29.970,4.049,4.046970000000001,800,1300
24.06.2024 01:16:30.221,4.0488,4.0467200000000005,600,1200
24.06.2024 01:16:30.874,4.0488100000000005,4.04688,400,500
24.06.2024 01:16:38.190,4.048820000000001,4.04675,1300,600
24.06.2024 01:16:45.017,4.048990000000001,4.04696,700,1300
24.06.2024 01:16:46.324,4.04912,4.04707,1200,600
24.06.2024 01:16:47.328,4.04933,4.047320000000001,1100,500
24.06.2024 01:16:56.951,4.049300000000001,4.0474000000000006,1300,1200
24.06.2024 01:17:01.964,4.04929,4.04734,1100,900
24.06.2024 01:17:03.316,4.04934,4.04751,1000,1200
24.06.2024 01:17:04.396,4.04928,4.047350000000001,700,1100
24.06.2024 01:17:05.198,4.0492799999999995,4.047580000000001,1200,1200
24.06.2024 01:17:05.399,4.049370000000001,4.047530000000001,800,500
24.06.2024 01:17:16.727,4.0493500000000004,4.047680000000001,1100,700
24.06.2024 01:17:20.186,4.04933,4.047510000000001,900,900
24.06.2024 01:17:22.043,4.04911,4.0473,1000,800
24.06.2024 01:17:28.996,4.049119999999999,4.047470000000001,600,700
24.06.2024 01:17:30.300,4.04916,4.0473300000000005,800,600
24.06.2024 01:17:32.304,4.049119999999999,4.04741,1000,800
24.06.2024 01:17:44.133,4.04927,4.04734,400,1000
24.06.2024 01:17:47.440,4.0491600000000005,4.04748,600,1100
24.06.2024 01:17:47.641,4.04936,4.04748,800,600
24.06.2024 01:17:49.195,4.0492799999999995,4.04734,500,700
24.06.2024 01:17:51.602,4.04912,4.04727,400,900
24.06.2024 01:17:57.376,4.04925,4.04739,1200,700
24.06.2024 01:18:01.292,4.049169999999999,4.04733,900,500
24.06.2024 01:18:09.508,4.04919,4.04735,800,400
24.06.2024 01:18:11.413,4.04918,4.04733,900,500
24.06.2024 01:18:19.998,4.0490200000000005,4.04716,1400,1000
24.06.2024 01:18:24.606,4.04904,4.04718,1300,900
24.06.2024 01:18:30.032,4.0490200000000005,4.04717,600,1300
24.06.2024 01:18:32.438,4.049040000000001,4.04711,1000,1000
24.06.2024 01:18:32.789,4.04883,4.04692,1300,800
24.06.2024 01:18:33.842,4.04896,4.04712,1300,600
24.06.2024 01:18:46.803,4.04884,4.04699,400,500
24.06.2024 01:19:11.171,4.048850000000001,4.04692,1000,400
24.06.2024 01:19:13.326,4.048590000000001,4.04674,800,1100
24.06.2024 01:19:14.380,4.048640000000001,4.04671,800,500
24.06.2024 01:19:18.537,4.0487,4.04675,700,500
24.06.2024 01:19:19.491,4.048430000000001,4.0465599999999995,400,760
24.06.2024 01:19:19.944,4.0484599999999995,4.04657,1300,-40
24.06.2024 01:19:19.995,4.04848,4.04663,1100,760
24.06.2024 01:19:21.950,4.04847,4.04645,1000,360
24.06.2024 01:19:23.153,4.0484100000000005,4.046609999999999,800,600
24.06.2024 01:19:35.782,4.04848,4.0465800000000005,800,860
24.06.2024 01:19:43.624,4.0484599999999995,4.04652,900,1300
24.06.2024 01:19:46.179,4.0484800000000005,4.046469999999999,900,1000
24.06.2024 01:19:47.182,4.04847,4.0465800000000005,900,160
24.06.2024 01:19:48.386,4.04858,4.046760000000001,1200,600
24.06.2024 01:19:49.088,4.04854,4.04678,700,800
24.06.2024 01:19:49.240,4.048760000000001,4.04683,900,900
24.06.2024 01:19:49.392,4.04872,4.04672,1200,1000
24.06.2024 01:19:52.198,4.04867,4.04688,600,500
24.06.2024 01:19:55.804,4.048690000000001,4.04679,1300,600
24.06.2024 01:19:56.756,4.048850000000001,4.04689,1200,700
24.06.2024 01:19:56.858,4.04869,4.04686,400,1400
24.06.2024 01:19:57.209,4.04867,4.0467900000000006,600,900
24.06.2024 01:20:00.368,4.04864,4.04694,700,900
24.06.2024 01:20:01.221,4.04885,4.0470500000000005,800,1400
24.06.2024 01:20:03.477,4.048680000000001,4.046950000000001,1400,600
24.06.2024 01:20:07.018,4.04874,4.04685,400,1000
24.06.2024 01:20:20.304,4.04867,4.04694,800,400
24.06.2024 01:20:20.905,4.04857,4.04673,600,900
24.06.2024 01:20:21.812,4.048570000000001,4.04667,1100,1200
24.06.2024 01:20:25.322,4.04851,4.04683,600,700
24.06.2024 01:20:25.574,4.048590000000001,4.04665,500,800
24.06.2024 01:20:30.436,4.04859,4.04677,1200,800
24.06.2024 01:20:34.798,4.04838,4.04662,1400,900
24.06.2024 01:20:35.000,4.04837,4.0465100000000005,1000,1000
24.06.2024 01:20:38.240,4.04826,4.0464,1100,460
24.06.2024 01:20:38.545,4.04804,4.04634,1200,360
24.06.2024 01:20:38.646,4.0480100000000006,4.04616,1000,1300
24.06.2024 01:20:44.759,4.04801,4.04621,1200,700
24.06.2024 01:20:46.965,4.04805,4.0461800000000006,900,800
24.06.2024 01:20:48.818,4.04803,4.046290000000001,1000,1200
24.06.2024 01:20:48.919,4.048080000000001,4.04619,1300,800
24.06.2024 01:21:00.242,4.04807,4.046250000000001,900,600
24.06.2024 01:21:00.445,4.048230000000001,4.046390000000001,1300,1000
24.06.2024 01:21:08.609,4.04836,4.04656,1400,1100
24.06.2024 01:21:10.917,4.04839,4.04659,900,1100
24.06.2024 01:21:23.947,4.0482000000000005,4.0465100000000005,1300,1100
24.06.2024 01:21:30.662,4.04825,4.0463700000000005,1200,800
24.06.2024 01:21:41.191,4.048220000000001,4.046380000000001,500,700
24.06.2024 01:21:51.567,4.048290000000001,4.0464400000000005,1300,1200
24.06.2024 01:21:55.776,4.0484100000000005,4.04654,600,900
24.06.2024 01:22:01.238,4.04845,4.046460000000001,1100,600
24.06.2024 01:22:04.747,4.048280000000001,4.046270000000001,1000,900
24.06.2024 01:22:07.602,4.04841,4.046390000000001,1200,1200
24.06.2024 01:22:12.342,4.04844,4.04663,900,500
24.06.2024 01:22:12.444,4.0485999999999995,4.046860000000001,800,600
24.06.2024 01:22:20.563,4.048419999999999,4.046690000000001,600,900
24.06.2024 01:22:38.906,4.04826,4.046469999999999,1000,500
24.06.2024 01:22:39.864,4.04829,4.04664,1300,1200
24.06.2024 01:22:40.267,4.04846,4.046690000000001,400,400
24.06.2024 01:22:41.069,4.04846,4.046810000000001,1000,600
24.06.2024 01:22:41.119,4.048660000000001,4.046880000000001,500,1300
24.06.2024 01:22:44.936,4.04849,4.0467200000000005,700,1200
24.06.2024 01:22:56.407,4.04849,4.04674,1000,800
24.06.2024 01:22:58.161,4.04852,4.046880000000001,1100,900
24.06.2024 01:23:06.580,4.04844,4.0467200000000005,600,1400
24.06.2024 01:23:08.082,4.048430000000001,4.046860000000001,800,1200
24.06.2024 01:23:13.047,4.04826,4.04661,500,1300
24.06.2024 01:23:17.671,4.04852,4.0468,1200,700
24.06.2024 01:23:19.223,4.0485999999999995,4.046830000000001,1100,1100
24.06.2024 01:23:21.277,4.0484800000000005,4.046850000000001,600,700
24.06.2024 01:23:21.729,4.0481799999999994,4.046620000000001,500,800
24.06.2024 01:23:28.946,4.048320000000001,4.0466299999999995,1100,500
24.06.2024 01:23:29.799,4.04843,4.04657,400,800
24.06.2024 01:23:30.100,4.048330000000001,4.04664,700,600
24.06.2024 01:23:40.974,4.048360000000001,4.0465599999999995,1100,500
24.06.2024 01:23:58.521,4.04816,4.04654,1000,1200
24.06.2024 01:24:00.627,4.0484,4.04662,900,500
24.06.2024 01:24:01.580,4.04825,4.04664,1400,400
24.06.2024 01:24:01.731,4.04821,4.04662,800,700
24.06.2024 01:24:01.832,4.04801,4.0463499999999994,400,400
24.06.2024 01:24:08.399,4.04814,4.0463700000000005,1300,400
24.06.2024 01:24:10.253,4.04807,4.04639,1400,600
24.06.2024 01:24:10.405,4.04812,4.04642,900,500
24.06.2024 01:24:10.455,4.04807,4.0463700000000005,1300,1300
24.06.2024 01:24:21.678,4.048220000000001,4.046449999999999,1200,1200
24.06.2024 01:24:21.979,4.04806,4.0464400000000005,1000,1200
24.06.2024 01:24:22.080,4.04815,4.04639,900,700
24.06.2024 01:24:30.046,4.0483,4.046600000000001,1200,1000
24.06.2024 01:24:40.321,4.0483,4.0465800000000005,1300,1200
24.06.2024 01:24:41.724,4.04817,4.04659,900,1300
24.06.2024 01:24:44.882,4.048299999999999,4.04659,1000,800
24.06.2024 01:24:45.333,4.04824,4.04662,1300,1000
24.06.2024 01:24:55.856,4.04816,4.04656,1300,600
24.06.2024 01:25:23.405,4.048170000000001,4.04644,1400,1000
24.06.2024 01:25:35.207,4.04817,4.04659,900,500
24.06.2024 01:25:35.758,4.048170000000001,4.04651,600,1300
24.06.2024 01:25:40.369,4.04824,4.046530000000001,1100,500
24.06.2024 01:25:47.436,4.0482000000000005,4.0465,800,500
24.06.2024 01:26:10.018,4.04823,4.046520000000001,800,900
24.06.2024 01:26:20.043,4.04821,4.04642,1000,1100
24.06.2024 01:26:30.070,4.048170000000001,4.0464199999999995,700,1000
24.06.2024 01:26:43.648,4.04822,4.0465100000000005,500,500
24.06.2024 01:26:51.888,4.048360000000001,4.04664,1200,400
24.06.2024 01:27:11.185,4.048300000000001,4.04669,600,700
24.06.2024 01:27:21.578,4.04835,4.04673,1200,600
24.06.2024 01:27:22.431,4.04817,4.046500000000001,800,1300
24.06.2024 01:27:41.179,4.048150000000001,4.04655,1400,900
24.06.2024 01:27:42.381,4.048240000000001,4.046430000000001,1000,500
24.06.2024 01:28:00.554,4.04818,4.0465800000000005,700,700
24.06.2024 01:28:01.658,4.0480100000000006,4.046390000000001,1300,700
24.06.2024 01:28:09.373,4.04809,4.046380000000001,900,1100
24.06.2024 01:28:09.774,4.048020000000001,4.0463700000000005,600,400
24.06.2024 01:28:21.198,4.04807,4.046430000000001,1300,800
24.06.2024 01:28:27.012,4.047880000000001,4.04619,1100,1200
24.06.2024 01:28:41.204,4.04787,4.046270000000001,800,500
24.06.2024 01:28:53.680,4.04784,4.046130000000001,900,1100
24.06.2024 01:28:56.385,4.04793,4.04625,1300,800
24.06.2024 01:28:57.336,4.04792,4.046150000000001,1000,900
24.06.2024 01:29:00.193,4.04786,4.046250000000001,500,500
24.06.2024 01:29:00.346,4.04784,4.04617,1200,500
24.06.2024 01:29:00.948,4.04792,4.04618,900,400
24.06.2024 01:29:01.350,4.04791,4.0461,1100,700
24.06.2024 01:29:04.440,4.047829999999999,4.046050000000001,900,1100
24.06.2024 01:29:08.953,4.0480100000000006,4.04622,1300,500
24.06.2024 01:29:16.176,4.0482,4.04641,1300,1000
24.06.2024 01:29:34.174,4.048240000000001,4.046469999999999,800,400
24.06.2024 01:29:38.067,4.0482,4.046550000000001,500,1200
24.06.2024 01:29:51.202,4.04822,4.04646,1100,1000
24.06.2024 01:30:01.582,4.04816,4.0465100000000005,1100,500
24.06.2024 01:30:03.237,4.04839,4.04663,400,1000
24.06.2024 01:30:20.333,4.04842,4.046620000000001,1200,800
24.06.2024 01:30:26.294,4.048450000000001,4.04652,1000,1200
24.06.2024 01:30:41.178,4.0484100000000005,4.046530000000001,1200,1100
24.06.2024 01:30:51.204,4.04845,4.04652,400,1100
24.06.2024 01:30:56.265,4.04837,4.0465599999999995,900,1000
24.06.2024 01:31:00.975,4.048150000000001,4.046380000000001,700,1300
24.06.2024 01:31:21.187,4.048100000000001,4.04635,1300,1000
24.06.2024 01:31:31.561,4.04814,4.046320000000001,700,800
24.06.2024 01:31:40.908,4.04835,4.04661,1300,1000
24.06.2024 01:31:41.010,4.04849,4.0467,900,1100
24.06.2024 01:31:51.433,4.04856,4.04682,400,600
24.06.2024 01:31:51.936,4.048570000000001,4.04672,800,500
24.06.2024 01:31:53.190,4.04869,4.0468399999999995,1300,500
24.06.2024 01:32:04.361,4.04878,4.047,900,1200
24.06.2024 01:32:05.366,4.048850000000001,4.047,1000,400
24.06.2024 01:32:06.219,4.04893,4.0472,1200,900
24.06.2024 01:32:07.323,4.049,4.04725,500,1200
24.06.2024 01:32:08.754,4.04896,4.04718,1300,1000
24.06.2024 01:32:11.311,4.04898,4.04725,1100,500
24.06.2024 01:32:15.672,4.048760000000001,4.0471,1200,1200
24.06.2024 01:32:26.249,4.04877,4.04709,1300,1400
24.06.2024 01:32:45.756,4.048680000000001,4.046900000000001,800,800
24.06.2024 01:32:55.933,4.04864,4.04694,1000,1000
24.06.2024 01:32:58.340,4.048500000000001,4.04675,1100,1000
24.06.2024 01:33:24.570,4.0486,4.04684,1300,1300
24.06.2024 01:33:26.377,4.04865,4.04699,600,400
24.06.2024 01:33:37.599,4.048690000000001,4.04696,900,1300
24.06.2024 01:33:46.478,4.04854,4.04686,1200,800
24.06.2024 01:33:56.900,4.04844,4.0467,900,1200
24.06.2024 01:34:08.326,4.04839,4.04671,1400,1100
24.06.2024 01:34:21.164,4.04843,4.04671,900,900
24.06.2024 01:34:31.537,4.048370000000001,4.04674,1000,1100
24.06.2024 01:34:41.559,4.04843,4.046740000000001,900,1300
24.06.2024 01:34:52.282,4.0483199999999995,4.04675,1000,800
24.06.2024 01:35:03.896,4.04845,4.04683,700,400
24.06.2024 01:35:14.672,4.04846,4.04685,1400,600
24.06.2024 01:35:18.183,4.04863,4.04708,800,500
24.06.2024 01:35:55.638,4.04879,4.047000000000001,600,1100
24.06.2024 01:35:56.891,4.0485500000000005,4.046900000000001,800,1100
24.06.2024 01:36:06.391,4.048419999999999,4.046749999999999,1400,1300
24.06.2024 01:36:29.196,4.04821,4.0465100000000005,500,900
24.06.2024 01:36:41.199,4.0482700000000005,4.04652,1400,700
24.06.2024 01:36:51.573,4.048220000000001,4.04659,1400,1100
24.06.2024 01:36:57.937,4.04812,4.046430000000001,1000,1100
24.06.2024 01:36:58.194,4.04797,4.04624,400,1100
24.06.2024 01:37:10.375,4.047900000000001,4.04626,500,500
24.06.2024 01:37:20.548,4.047910000000001,4.046270000000001,500,800
24.06.2024 01:37:31.175,4.04795,4.04619,1100,400
24.06.2024 01:37:57.139,4.04789,4.04625,800,1300
24.06.2024 01:37:58.042,4.04769,4.04606,800,600
24.06.2024 01:38:00.297,4.04779,4.04608,700,800
24.06.2024 01:38:00.349,4.0477099999999995,4.04608,900,700
24.06.2024 01:38:05.962,4.04789,4.04624,800,1200
24.06.2024 01:38:31.187,4.04785,4.04626,1400,1000
24.06.2024 01:38:41.462,4.04788,4.04617,1100,800
24.06.2024 01:39:01.712,4.047879999999999,4.04624,1100,600
24.06.2024 01:39:11.734,4.04789,4.04622,500,1000
24.06.2024 01:39:31.577,4.0477300000000005,4.04607,700,500
24.06.2024 01:39:34.437,4.047680000000001,4.04591,600,700
24.06.2024 01:39:41.990,4.047650000000001,4.0460400000000005,1000,800
24.06.2024 01:39:50.313,4.04762,4.04592,700,1200
24.06.2024 01:39:58.183,4.047650000000001,4.04605,700,1200
24.06.2024 01:39:58.334,4.0478700000000005,4.04625,1300,1400
24.06.2024 01:40:11.167,4.0478700000000005,4.04625,1100,800
24.06.2024 01:40:19.573,4.04762,4.0460899999999995,500,600
24.06.2024 01:40:21.628,4.047540000000001,4.0459,800,500
24.06.2024 01:40:26.236,4.04763,4.0459,800,700
24.06.2024 01:40:50.368,4.04755,4.0459000000000005,1100,600
24.06.2024 01:41:01.748,4.04779,4.04612,600,900
24.06.2024 01:41:02.153,4.04755,4.04588,1200,1300
24.06.2024 01:41:06.562,4.0474000000000006,4.04577,700,400
24.06.2024 01:41:11.420,4.047530000000001,4.0458,1300,500
24.06.2024 01:41:12.322,4.04739,4.045800000000001,700,600
24.06.2024 01:41:13.675,4.04755,4.04596,500,1100
24.06.2024 01:41:29.377,4.047600000000001,4.04585,1000,600
24.06.2024 01:41:40.402,4.047600000000001,4.0458300000000005,1200,600
24.06.2024 01:41:58.494,4.04762,4.045929999999999,1300,1100
24.06.2024 01:42:08.669,4.047630000000001,4.04589,500,800
24.06.2024 01:42:28.565,4.0476,4.04588,600,600
24.06.2024 01:42:41.210,4.047580000000001,4.0458,1100,1200
24.06.2024 01:42:51.185,4.04757,4.04588,1000,900
24.06.2024 01:42:58.702,4.047630000000001,4.04594,1300,1400
24.06.2024 01:43:11.182,4.04758,4.0458799999999995,700,1000
24.06.2024 01:43:21.066,4.04755,4.045710000000001,900,400
24.06.2024 01:43:31.194,4.0475200000000005,4.045800000000001,1400,1000
24.06.2024 01:43:44.323,4.04755,4.045800000000001,700,1300
24.06.2024 01:43:55.815,4.0477799999999995,4.0460199999999995,1300,1300
24.06.2024 01:44:11.198,4.047790000000001,4.045979999999999,1200,1100
24.06.2024 01:44:18.016,4.047899999999999,4.04617,900,1000
24.06.2024 01:44:25.319,4.04776,4.046029999999999,1400,1000
24.06.2024 01:44:35.198,4.04767,4.04589,700,1200
24.06.2024 01:44:44.571,4.047680000000001,4.04591,900,800
24.06.2024 01:44:45.925,4.04758,4.04579,900,1400
24.06.2024 01:44:49.034,4.04761,4.04583,1200,700
24.06.2024 01:44:53.595,4.04758,4.04575,800,1000
24.06.2024 01:45:02.931,4.04742,4.04559,1200,800
24.06.2024 01:45:13.406,4.04739,4.045640000000001,800,1000
24.06.2024 01:46:01.542,4.04742,4.04554,800,700
24.06.2024 01:46:11.714,4.04738,4.04555,500,1000
24.06.2024 01:46:21.739,4.04737,4.04554,500,800
24.06.2024 01:46:42.434,4.0474000000000006,4.04562,800,1200
24.06.2024 01:47:02.918,4.0473799999999995,4.04561,800,1200
24.06.2024 01:47:10.388,4.047429999999999,4.04562,1000,500
24.06.2024 01:47:10.941,4.04726,4.0455,700,600
24.06.2024 01:47:11.043,4.047219999999999,4.0456199999999995,700,1300
24.06.2024 01:47:31.555,4.04721,4.04559,1300,700
24.06.2024 01:47:35.110,4.04723,4.04551,600,1100
24.06.2024 01:47:49.590,4.04732,4.045459999999999,1400,1400
24.06.2024 01:47:53.851,4.04723,4.0455000000000005,500,500
24.06.2024 01:47:56.758,4.04726,4.0454300000000005,1300,700
24.06.2024 01:47:58.912,4.0473,4.04549,700,1200
24.06.2024 01:48:05.379,4.04746,4.04568,800,900
24.06.2024 01:48:08.385,4.04739,4.04561,1400,500
24.06.2024 01:48:10.942,4.04742,4.0456900000000005,600,500
24.06.2024 01:48:11.043,4.04741,4.04559,1200,1400
24.06.2024 01:48:12.683,4.0475,4.04561,1200,1200
24.06.2024 01:48:23.562,4.0475200000000005,4.04565,1200,800
24.06.2024 01:48:33.594,4.047499999999999,4.04561,700,1100
24.06.2024 01:48:45.372,4.0475,4.04565,900,500
24.06.2024 01:49:21.212,4.04745,4.04556,1300,400
24.06.2024 01:49:23.819,4.04766,4.04575,1100,1100
24.06.2024 01:49:41.193,4.0476600000000005,4.0457600000000005,800,1100
24.06.2024 01:49:51.568,4.0475699999999994,4.0457600000000005,1400,600
24.06.2024 01:50:01.749,4.047630000000001,4.0456900000000005,1200,1100
24.06.2024 01:50:11.719,4.0477,4.04574,600,900
24.06.2024 01:50:21.742,4.04755,4.04569,1300,900
24.06.2024 01:50:23.596,4.04756,4.045850000000001,500,700
24.06.2024 01:50:23.647,4.0476,4.04576,1000,800
24.06.2024 01:50:25.502,4.0475900000000005,4.04578,1300,600
24.06.2024 01:50:29.213,4.04739,4.04562,1100,800
24.06.2024 01:50:35.583,4.04732,4.04551,1200,1000
24.06.2024 01:50:36.736,4.04732,4.04562,700,800
24.06.2024 01:50:59.217,4.0474,4.045579999999999,1200,1000
24.06.2024 01:51:04.231,4.04736,4.04568,400,900
24.06.2024 01:51:19.204,4.04739,4.04569,500,1300
24.06.2024 01:51:31.368,4.04734,4.04561,700,600
24.06.2024 01:51:41.544,4.0473799999999995,4.04567,900,1000
24.06.2024 01:51:44.702,4.0474499999999995,4.04567,1400,900
24.06.2024 01:51:46.457,4.047350000000001,4.04562,800,1200
24.06.2024 01:51:48.460,4.047440000000001,4.04569,500,800
24.06.2024 01:51:48.561,4.04734,4.045630000000001,500,1300
24.06.2024 01:51:59.236,4.0474000000000006,4.04561,900,500
24.06.2024 01:52:09.443,4.04739,4.04571,1400,500
24.06.2024 01:52:11.650,4.04738,4.04535,1300,60
24.06.2024 01:52:13.804,4.04735,4.0453,1000,-40
24.06.2024 01:52:15.262,4.047280000000001,4.0452200000000005,900,1560
24.06.2024 01:52:20.524,4.04735,4.045280000000001,900,900
24.06.2024 01:52:25.433,4.04736,4.04543,800,900
24.06.2024 01:52:28.189,4.04732,4.04544,800,1300
24.06.2024 01:52:28.392,4.04741,4.04553,900,700
24.06.2024 01:52:31.047,4.04731,4.04539,500,800
24.06.2024 01:52:41.178,4.0473799999999995,4.04549,400,600
24.06.2024 01:52:51.181,4.04737,4.04551,1400,700
24.06.2024 01:52:56.494,4.04745,4.0456900000000005,500,400
24.06.2024 01:53:10.331,4.047499999999999,4.04568,700,1300
24.06.2024 01:53:11.284,4.04746,4.045640000000001,700,1100
24.06.2024 01:53:11.335,4.04751,4.04574,700,1000
24.06.2024 01:53:21.563,4.0474,4.04575,400,900
24.06.2024 01:53:25.126,4.0475200000000005,4.04583,800,1000
24.06.2024 01:53:35.600,4.04762,4.04591,500,1000
24.06.2024 01:53:43.018,4.047460000000001,4.045870000000001,800,1000
24.06.2024 01:53:44.673,4.047600000000001,4.04588,600,1100
24.06.2024 01:53:45.476,4.047470000000001,4.0459000000000005,1300,400
24.06.2024 01:53:45.778,4.04762,4.04587,800,1100
24.06.2024 01:53:54.746,4.047420000000001,4.0457600000000005,1000,1300
24.06.2024 01:54:05.804,4.0474,4.045700000000001,1300,900
24.06.2024 01:54:31.165,4.047429999999999,4.04575,800,1200
24.06.2024 01:54:41.542,4.04732,4.045750000000001,1000,1000
24.06.2024 01:55:00.471,4.04724,4.04561,800,1400
24.06.2024 01:55:31.565,4.04718,4.045560000000001,700,1200
24.06.2024 01:55:41.740,4.0472,4.04558,600,600
24.06.2024 01:55:47.255,4.04709,4.045400000000001,1100,700
24.06.2024 01:55:57.280,4.047000000000001,4.04541,500,500
24.06.2024 01:56:11.204,4.047000000000001,4.04544,900,1100
24.06.2024 01:56:21.177,4.04705,4.04542,1200,900
24.06.2024 01:56:40.732,4.0471900000000005,4.04564,1400,500
24.06.2024 01:57:45.925,4.04706,4.04543,1200,1200
24.06.2024 01:57:55.896,4.04702,4.04546,1400,700
24.06.2024 01:58:03.898,4.04689,4.045270000000001,700,800
24.06.2024 01:58:21.189,4.04689,4.045260000000001,1200,800
24.06.2024 01:58:31.565,4.04686,4.045280000000001,1100,1200
24.06.2024 01:58:40.845,4.046780000000001,4.0449,500,500
24.06.2024 01:58:51.166,4.04684,4.04491,1000,1300
24.06.2024 01:59:01.843,4.0466500000000005,4.0448200000000005,1300,160
24.06.2024 01:59:02.096,4.04659,4.04479,900,700
24.06.2024 01:59:11.765,4.04682,4.04495,600,800
24.06.2024 01:59:27.259,4.0467900000000006,4.045000000000001,500,1300
24.06.2024 01:59:41.190,4.0468399999999995,4.04493,1200,1200
24.06.2024 01:59:47.100,4.04681,4.04501,1300,660
24.06.2024 01:59:56.981,4.04683,4.04495,600,1000
24.06.2024 02:00:01.744,4.046810000000001,4.04495,1400,1100
24.06.2024 02:00:11.719,4.04687,4.04498,600,1100
24.06.2024 02:00:41.170,4.0467900000000006,4.044919999999999,1200,500
24.06.2024 02:00:51.194,4.0467900000000006,4.04493,1300,900
24.06.2024 02:01:11.576,4.0468,4.045,400,800
24.06.2024 02:01:17.042,4.04703,4.045190000000001,400,400
24.06.2024 02:01:22.407,4.047150000000001,4.04526,600,600
24.06.2024 02:01:37.587,4.047170000000001,4.045310000000001,700,600
24.06.2024 02:01:51.196,4.047200000000001,4.04533,1400,500
24.06.2024 02:02:31.751,4.047150000000001,4.04525,600,700
24.06.2024 02:02:42.626,4.04735,4.04551,900,1300
24.06.2024 02:02:56.238,4.047320000000001,4.0454,1000,500
24.06.2024 02:03:08.719,4.047300000000001,4.045459999999999,1200,1400
24.06.2024 02:03:21.211,4.04736,4.045459999999999,1100,700
24.06.2024 02:03:51.142,4.047129999999999,4.045230000000001,1200,600
24.06.2024 02:04:01.168,4.047129999999999,4.04527,1300,700
24.06.2024 02:04:11.557,4.04712,4.0452900000000005,1100,700
24.06.2024 02:04:12.410,4.04704,4.04516,1300,400
24.06.2024 02:04:35.123,4.04677,4.044930000000001,1400,760
24.06.2024 02:04:35.477,4.046850000000001,4.0448699999999995,700,600
24.06.2024 02:04:45.899,4.04684,4.044930000000001,600,400
24.06.2024 02:04:51.276,4.046850000000001,4.04505,1300,1100
24.06.2024 02:04:53.232,4.046810000000001,4.04502,1300,500
24.06.2024 02:04:53.387,4.046850000000001,4.04512,600,1300
24.06.2024 02:04:53.438,4.04685,4.04499,900,700
24.06.2024 02:04:57.555,4.046850000000001,4.0449600000000006,900,400
24.06.2024 02:04:58.208,4.0467900000000006,4.04511,500,500
24.06.2024 02:04:58.410,4.046810000000001,4.04505,1200,900
24.06.2024 02:04:59.212,4.046870000000001,4.04504,1300,500
24.06.2024 02:04:59.363,4.046860000000001,4.04504,400,800
24.06.2024 02:04:59.564,4.04684,4.045070000000001,900,900
24.06.2024 02:05:01.720,4.046870000000001,4.04503,800,900
24.06.2024 02:05:02.523,4.046850000000001,4.045140000000001,1200,1100
24.06.2024 02:05:03.225,4.046870000000001,4.0450099999999996,1100,1000
24.06.2024 02:05:04.229,4.04682,4.04506,600,900
24.06.2024 02:05:05.133,4.04677,4.045050000000001,1300,900
24.06.2024 02:05:15.107,4.04672,4.04487,1400,600
24.06.2024 02:05:31.211,4.04666,4.0448200000000005,900,500
24.06.2024 02:05:36.773,4.046860000000001,4.045070000000001,900,400
24.06.2024 02:06:06.599,4.04724,4.04542,1100,500
24.06.2024 02:06:06.651,4.04723,4.045280000000001,500,900
24.06.2024 02:06:06.803,4.047320000000001,4.04547,500,400
24.06.2024 02:06:21.192,4.04726,4.04543,800,1200
24.06.2024 02:06:55.086,4.04745,4.045640000000001,600,600
24.06.2024 02:07:11.175,4.047470000000001,4.04558,1100,900
24.06.2024 02:08:01.752,4.04744,4.045640000000001,1000,1200
24.06.2024 02:08:28.050,4.04757,4.0458,1200,900
24.06.2024 02:08:40.601,4.04767,4.04588,1000,400
24.06.2024 02:09:01.553,4.04772,4.04584,800,1000
24.06.2024 02:09:11.378,4.04749,4.04569,1300,800
24.06.2024 02:09:21.550,4.04755,4.045669999999999,700,900
24.06.2024 02:09:31.575,4.047479999999999,4.04573,1100,1000
24.06.2024 02:10:21.744,4.047549999999999,4.045700000000001,800,1100
24.06.2024 02:10:41.725,4.0475200000000005,4.04576,800,1100
24.06.2024 02:11:31.363,4.04755,4.04567,800,500
24.06.2024 02:12:11.197,4.047540000000001,4.0456900000000005,700,1400
24.06.2024 02:12:34.680,4.04772,4.0458799999999995,1200,1400
24.06.2024 02:12:51.168,4.04776,4.045930000000001,1300,800
24.06.2024 02:13:01.201,4.04771,4.04595,800,600
24.06.2024 02:13:11.571,4.04779,4.04596,1300,800
24.06.2024 02:13:41.728,4.04777,4.0459499999999995,500,1100
24.06.2024 02:13:51.703,4.04772,4.04595,900,1100
24.06.2024 02:14:51.210,4.04767,4.04589,1300,600
24.06.2024 02:15:01.202,4.04772,4.04592,500,700
24.06.2024 02:15:11.573,4.0477,4.04589,900,1300
24.06.2024 02:15:41.876,4.047620000000001,4.04577,900,700
24.06.2024 02:16:00.572,4.0476,4.045750000000001,1100,1100
24.06.2024 02:16:27.024,4.04778,4.04591,1300,800
24.06.2024 02:16:41.212,4.047790000000001,4.04589,700,1100
24.06.2024 02:16:42.866,4.0475699999999994,4.04572,400,600
24.06.2024 02:17:01.162,4.04753,4.04577,600,900
24.06.2024 02:17:38.921,4.04771,4.04593,600,1300
24.06.2024 02:17:51.171,4.04776,4.045920000000001,1000,1100
24.06.2024 02:18:01.546,4.047770000000001,4.0459000000000005,1300,1200
24.06.2024 02:19:01.373,4.04754,4.045750000000001,1300,500
24.06.2024 02:19:06.986,4.047750000000001,4.04593,900,500
24.06.2024 02:19:21.210,4.04774,4.04589,1200,500
24.06.2024 02:19:22.565,4.04795,4.0460899999999995,400,1000
24.06.2024 02:19:51.540,4.047930000000001,4.046069999999999,400,800
24.06.2024 02:20:21.701,4.047860000000001,4.0461,700,1400
24.06.2024 02:20:31.729,4.047890000000001,4.04606,700,900
24.06.2024 02:20:38.148,4.04776,4.04581,1400,600
24.06.2024 02:20:38.200,4.04757,4.045590000000001,1100,400
24.06.2024 02:20:38.506,4.047280000000001,4.045450000000001,1400,1200
24.06.2024 02:20:38.908,4.0475699999999994,4.04573,1000,800
24.06.2024 02:20:39.109,4.0474000000000006,4.045579999999999,1000,1000
24.06.2024 02:21:01.554,4.04736,4.04561,1100,1300
24.06.2024 02:21:11.731,4.04739,4.04563,1300,400
24.06.2024 02:21:21.709,4.04738,4.045599999999999,1300,700
24.06.2024 02:21:26.421,4.04727,4.045400000000001,1200,1000
24.06.2024 02:21:41.191,4.04726,4.04546,700,1300
24.06.2024 02:21:51.168,4.04734,4.04543,600,1000
24.06.2024 02:22:01.548,4.04731,4.04542,1300,600
24.06.2024 02:22:11.707,4.047280000000001,4.0454799999999995,1100,1000
24.06.2024 02:22:21.735,4.04723,4.04539,1200,600
