Gmt time,Ask,Bid,AskVolume,BidVolume
24.06.2024 05:30:02.139,4.6538,4.651180000000001,1100,800
24.06.2024 05:30:08.102,4.6537299999999995,4.651300000000001,900,900
24.06.2024 05:30:19.734,4.6537500000000005,4.651320000000001,900,1100
24.06.2024 05:30:22.742,4.65378,4.65121,500,400
24.06.2024 05:30:23.744,4.65373,4.651270000000001,700,800
24.06.2024 05:30:23.794,4.6537500000000005,4.65116,600,1100
24.06.2024 05:30:30.058,4.65373,4.65126,1100,700
24.06.2024 05:30:39.430,4.65375,4.65128,1200,700
24.06.2024 05:30:51.006,4.6537500000000005,4.65133,1000,900
24.06.2024 05:31:00.991,4.65376,4.65133,1200,900
24.06.2024 05:31:10.965,4.65376,4.651260000000001,600,900
24.06.2024 05:31:21.537,4.65374,4.65128,800,1300
24.06.2024 05:31:32.999,4.653700000000001,4.65121,1300,700
24.06.2024 05:31:49.740,4.6536800000000005,4.65125,900,1300
24.06.2024 05:31:50.541,4.65364,4.651129999999999,400,1300
24.06.2024 05:31:53.349,4.653690000000001,4.651210000000001,400,1200
24.06.2024 05:32:10.966,4.65366,4.6512400000000005,1000,400
24.06.2024 05:32:11.570,4.653650000000001,4.65119,1000,600
24.06.2024 05:32:21.543,4.65367,4.65114,1400,600
24.06.2024 05:33:01.921,4.65365,4.65128,1100,800
24.06.2024 05:33:20.967,4.653700000000001,4.6512400000000005,1000,1000
24.06.2024 05:33:35.484,4.65351,4.65116,1300,400
24.06.2024 05:33:38.693,4.65357,4.651079999999999,700,900
24.06.2024 05:33:50.974,4.65353,4.65099,1200,1100
24.06.2024 05:33:53.631,4.653519999999999,4.65106,600,900
24.06.2024 05:33:55.736,4.6535400000000005,4.65106,500,1200
24.06.2024 05:33:58.892,4.65354,4.65115,1000,1200
24.06.2024 05:34:07.913,4.65355,4.65108,500,1200
24.06.2024 05:34:08.266,4.6535899999999994,4.651090000000001,1400,1000
24.06.2024 05:34:08.917,4.6536,4.651070000000001,1000,1100
24.06.2024 05:34:11.276,4.6536,4.65114,1300,1100
24.06.2024 05:34:20.321,4.65352,4.651020000000001,900,1200
24.06.2024 05:34:40.971,4.65355,4.65106,700,1100
24.06.2024 05:34:47.887,4.653580000000001,4.650970000000001,1000,800
24.06.2024 05:34:53.048,4.65351,4.651090000000001,1000,500
24.06.2024 05:34:53.900,4.653580000000001,4.65094,1400,1100
24.06.2024 05:34:54.252,4.65359,4.651020000000001,500,800
24.06.2024 05:34:54.302,4.65357,4.65103,900,600
24.06.2024 05:34:54.353,4.65359,4.65103,1300,900
24.06.2024 05:34:54.654,4.65357,4.650970000000001,1200,400
24.06.2024 05:35:01.921,4.65358,4.65113,1300,1400
24.06.2024 05:35:04.379,4.65352,4.65103,1100,900
24.06.2024 05:35:22.672,4.6535400000000005,4.65092,1300,1300
24.06.2024 05:35:26.530,4.653550000000001,4.651180000000001,1100,1100
24.06.2024 05:35:54.544,4.65351,4.65113,700,1700
24.06.2024 05:35:54.744,4.653600000000001,4.651210000000001,1400,1500
24.06.2024 05:35:55.547,4.65361,4.65114,700,1400
24.06.2024 05:36:05.173,4.65343,4.6510299999999996,900,600
24.06.2024 05:36:06.226,4.65346,4.65092,800,900
24.06.2024 05:36:21.007,4.653449999999999,4.65096,1300,900
24.06.2024 05:36:30.998,4.65346,4.65096,1100,800
24.06.2024 05:36:36.310,4.65352,4.65104,700,800
24.06.2024 05:36:50.996,4.6535,4.65107,700,1000
24.06.2024 05:37:01.571,4.653580000000001,4.65103,500,1000
24.06.2024 05:37:21.555,4.65352,4.65104,500,700
24.06.2024 05:37:35.738,4.6536,4.651120000000001,800,1100
24.06.2024 05:37:36.390,4.653580000000001,4.651050000000001,1100,400
24.06.2024 05:37:50.976,4.653490000000001,4.65104,800,1400
24.06.2024 05:38:00.999,4.65355,4.65097,1200,800
24.06.2024 05:38:24.487,4.65342,4.65081,1100,1000
24.06.2024 05:38:27.641,4.65333,4.650720000000001,500,600
24.06.2024 05:38:28.093,4.653420000000001,4.6508400000000005,1000,700
24.06.2024 05:38:38.615,4.653379999999999,4.6508199999999995,700,600
24.06.2024 05:38:44.230,4.653460000000001,4.65097,500,600
24.06.2024 05:38:46.199,4.65343,4.65095,1300,1000
24.06.2024 05:38:51.866,4.653480000000001,4.65095,1300,900
24.06.2024 05:38:53.170,4.65347,4.6509100000000005,1000,900
24.06.2024 05:39:05.950,4.65342,4.650860000000001,500,1100
24.06.2024 05:39:07.556,4.6535,4.65109,500,1400
24.06.2024 05:39:14.183,4.6536,4.6512400000000005,700,1100
24.06.2024 05:39:25.310,4.6536100000000005,4.65118,1200,500
24.06.2024 05:39:36.641,4.6537500000000005,4.65132,500,900
24.06.2024 05:39:42.006,4.6539,4.6514500000000005,1000,500
24.06.2024 05:39:58.792,4.65379,4.65129,400,1400
24.06.2024 05:39:59.844,4.653740000000001,4.65114,1400,1000
24.06.2024 05:39:59.944,4.6537299999999995,4.651230000000001,900,800
24.06.2024 05:40:00.145,4.653690000000001,4.65116,1200,1000
24.06.2024 05:40:07.762,4.653740000000001,4.651330000000001,1100,1400
24.06.2024 05:40:23.172,4.6537500000000005,4.65124,900,700
24.06.2024 05:40:33.394,4.65371,4.6512400000000005,1200,700
24.06.2024 05:40:33.947,4.65369,4.651250000000001,900,1400
24.06.2024 05:40:34.198,4.65345,4.65101,1400,700
24.06.2024 05:40:35.351,4.653520000000001,4.65109,1100,800
24.06.2024 05:40:37.154,4.653530000000001,4.65116,600,1300
24.06.2024 05:40:37.305,4.653520000000001,4.65108,1100,400
24.06.2024 05:40:37.656,4.653510000000001,4.65118,1300,600
24.06.2024 05:40:48.279,4.6537500000000005,4.65129,900,1200
24.06.2024 05:40:59.314,4.65366,4.65129,400,700
24.06.2024 05:41:04.977,4.653650000000001,4.6512899999999995,600,900
24.06.2024 05:41:05.177,4.65372,4.6513100000000005,600,800
24.06.2024 05:41:05.328,4.65369,4.65124,800,1400
24.06.2024 05:41:14.649,4.65348,4.65097,1000,400
24.06.2024 05:41:14.800,4.653500000000001,4.65107,1300,700
24.06.2024 05:41:26.130,4.653530000000001,4.65121,1000,800
24.06.2024 05:41:29.241,4.65352,4.65106,1200,800
24.06.2024 05:41:33.599,4.653530000000001,4.65122,500,900
24.06.2024 05:41:38.061,4.65353,4.651040000000001,1000,800
24.06.2024 05:41:42.422,4.65356,4.65107,600,1100
24.06.2024 05:41:54.648,4.65358,4.651129999999999,600,500
24.06.2024 05:41:54.800,4.65358,4.65101,1300,1000
24.06.2024 05:41:54.900,4.65355,4.651129999999999,500,1400
24.06.2024 05:41:57.805,4.65351,4.651090000000001,800,900
24.06.2024 05:42:10.989,4.65354,4.651020000000001,1300,500
24.06.2024 05:42:20.969,4.6535400000000005,4.651020000000001,500,1300
24.06.2024 05:42:31.544,4.653490000000001,4.65109,1000,900
24.06.2024 05:43:01.720,4.6535400000000005,4.6511000000000005,900,600
24.06.2024 05:43:32.573,4.653530000000001,4.65105,1200,600
24.06.2024 05:43:44.652,4.65352,4.65103,900,1200
24.06.2024 05:43:57.080,4.65353,4.65105,1300,1200
24.06.2024 05:43:59.386,4.653720000000001,4.65116,1000,1300
24.06.2024 05:44:10.309,4.6537299999999995,4.651210000000001,1100,1300
24.06.2024 05:44:27.099,4.65364,4.65114,1000,500
24.06.2024 05:44:49.401,4.6536800000000005,4.65117,700,500
24.06.2024 05:44:52.659,4.653830000000001,4.65137,1200,700
24.06.2024 05:45:00.999,4.653580000000001,4.651140000000001,500,500
24.06.2024 05:45:11.576,4.6536800000000005,4.65118,1100,1100
24.06.2024 05:45:32.424,4.6534,4.651,800,800
24.06.2024 05:45:46.927,4.65345,4.650930000000001,1400,600
24.06.2024 05:45:47.130,4.653429999999999,4.65108,600,1300
24.06.2024 05:45:57.052,4.653510000000001,4.6511000000000005,600,800
24.06.2024 05:46:09.681,4.653470000000001,4.651129999999999,500,500
24.06.2024 05:46:12.644,4.65351,4.65107,1000,500
24.06.2024 05:46:15.647,4.653470000000001,4.65111,700,600
24.06.2024 05:46:24.170,4.65334,4.65087,600,1000
24.06.2024 05:46:30.836,4.65332,4.650800000000001,1300,1000
24.06.2024 05:46:33.389,4.65329,4.65088,1000,1300
24.06.2024 05:46:34.644,4.65329,4.650830000000001,900,1100
24.06.2024 05:46:35.397,4.65333,4.65094,800,900
24.06.2024 05:46:35.748,4.6533,4.6508400000000005,1000,1000
24.06.2024 05:46:35.849,4.65338,4.65094,900,600
24.06.2024 05:46:36.651,4.65329,4.650870000000001,600,1100
24.06.2024 05:47:11.584,4.6532800000000005,4.650810000000001,1300,600
24.06.2024 05:47:21.565,4.65326,4.650849999999999,1100,400
24.06.2024 05:47:31.738,4.65334,4.650810000000001,400,1000
24.06.2024 05:47:37.853,4.6532800000000005,4.65094,1400,1300
24.06.2024 05:47:39.406,4.6533500000000005,4.650850000000001,900,500
24.06.2024 05:47:49.382,4.65338,4.6509,1200,1200
24.06.2024 05:48:05.124,4.653480000000001,4.65103,1000,1300
24.06.2024 05:48:10.437,4.65335,4.65092,1100,1300
24.06.2024 05:48:20.410,4.65329,4.65091,1400,600
24.06.2024 05:48:23.518,4.6533299999999995,4.650810000000001,800,600
24.06.2024 05:49:31.708,4.65336,4.6508199999999995,700,1400
24.06.2024 05:49:41.733,4.65335,4.65081,400,1400
24.06.2024 05:50:01.733,4.65334,4.650799999999999,400,800
24.06.2024 05:50:15.175,4.653370000000001,4.65097,500,600
24.06.2024 05:50:21.589,4.653479999999999,4.65115,600,800
24.06.2024 05:50:22.141,4.65339,4.65094,700,500
24.06.2024 05:50:30.263,4.65348,4.65094,1200,1200
24.06.2024 05:50:40.989,4.65351,4.650980000000001,1000,600
24.06.2024 05:50:51.010,4.653530000000001,4.651,1200,1000
24.06.2024 05:51:00.986,4.65345,4.65101,700,600
24.06.2024 05:51:11.011,4.65345,4.65091,700,600
24.06.2024 05:51:31.577,4.6534,4.65096,700,700
24.06.2024 05:51:41.553,4.65341,4.65094,500,600
24.06.2024 05:51:49.669,4.65345,4.651,1300,500
24.06.2024 05:51:53.278,4.65348,4.651,1300,400
24.06.2024 05:52:05.309,4.6534,4.6509100000000005,700,1000
24.06.2024 05:52:20.972,4.653449999999999,4.65091,1300,900
24.06.2024 05:52:31.545,4.65339,4.65097,1000,500
24.06.2024 05:52:49.184,4.65338,4.65077,1000,1100
24.06.2024 05:53:00.986,4.65336,4.650729999999999,1000,900
24.06.2024 05:53:11.561,4.65329,4.6507700000000005,1300,1000
24.06.2024 05:53:21.734,4.6533,4.6507700000000005,800,800
24.06.2024 05:53:49.155,4.65329,4.65076,500,700
24.06.2024 05:54:09.152,4.65329,4.65077,800,1300
24.06.2024 05:54:19.158,4.653370000000001,4.65081,1400,400
24.06.2024 05:54:23.217,4.6534,4.65088,1200,1400
24.06.2024 05:54:28.681,4.65334,4.65074,1000,1100
24.06.2024 05:54:30.385,4.65333,4.65081,1100,500
24.06.2024 05:54:30.436,4.65333,4.65075,500,600
24.06.2024 05:54:30.887,4.65338,4.65082,1200,500
24.06.2024 05:54:41.011,4.65332,4.650860000000001,1200,900
24.06.2024 05:54:46.371,4.65341,4.650980000000001,700,900
24.06.2024 05:55:01.011,4.65345,4.65092,500,1200
24.06.2024 05:55:09.834,4.653420000000001,4.651,400,500
24.06.2024 05:55:10.035,4.65343,4.65099,1400,500
24.06.2024 05:55:25.724,4.65346,4.65108,1100,600
24.06.2024 05:55:30.686,4.653420000000001,4.65109,1000,900
24.06.2024 05:55:32.691,4.653440000000001,4.65111,1300,900
24.06.2024 05:55:33.342,4.653390000000001,4.65108,800,1100
24.06.2024 05:55:35.881,4.653420000000001,4.65113,1000,800
24.06.2024 05:55:37.435,4.653460000000001,4.65101,1100,1200
24.06.2024 05:55:47.860,4.65344,4.65096,1300,1200
24.06.2024 05:56:02.292,4.653420000000001,4.65109,1200,900
24.06.2024 05:56:09.109,4.653270000000001,4.65089,500,700
24.06.2024 05:56:16.857,4.65325,4.650920000000001,800,500
24.06.2024 05:56:17.659,4.65324,4.65081,500,1100
24.06.2024 05:56:21.867,4.6532800000000005,4.650880000000001,1300,500
24.06.2024 05:56:32.692,4.65332,4.650970000000001,700,700
24.06.2024 05:56:34.096,4.65326,4.6508400000000005,500,1100
24.06.2024 05:56:34.147,4.65333,4.650880000000001,1300,1300
24.06.2024 05:56:34.748,4.65326,4.650980000000001,1100,1100
24.06.2024 05:56:49.129,4.65329,4.650880000000001,700,600
24.06.2024 05:56:58.838,4.653160000000001,4.6508,900,900
24.06.2024 05:56:59.339,4.653020000000001,4.65065,1400,1100
24.06.2024 05:57:10.315,4.653040000000001,4.650580000000001,700,500
24.06.2024 05:57:20.990,4.65303,4.65057,1200,1100
24.06.2024 05:57:30.575,4.65296,4.65052,1200,1100
24.06.2024 05:57:41.003,4.65295,4.65053,1300,500
24.06.2024 05:57:49.972,4.6530000000000005,4.650440000000001,1200,700
24.06.2024 05:57:59.996,4.65299,4.65053,900,500
24.06.2024 05:58:02.252,4.65299,4.650620000000001,1300,1000
24.06.2024 05:58:04.157,4.652950000000001,4.65059,1400,1100
24.06.2024 05:58:14.138,4.65297,4.65052,700,1300
24.06.2024 05:58:16.140,4.652950000000001,4.650450000000001,700,700
24.06.2024 05:58:24.855,4.65294,4.65052,1200,1100
24.06.2024 05:58:26.612,4.6530000000000005,4.650430000000001,1200,1400
24.06.2024 05:58:27.062,4.653,4.6504900000000005,700,600
24.06.2024 05:58:29.166,4.652950000000001,4.65042,1000,1300
24.06.2024 05:58:38.739,4.652820000000001,4.65036,800,600
24.06.2024 05:58:50.975,4.652820000000001,4.650370000000001,400,1400
24.06.2024 05:58:56.384,4.6527,4.65021,1300,900
24.06.2024 05:59:10.266,4.652810000000001,4.650270000000001,400,600
24.06.2024 05:59:20.995,4.65284,4.65027,1100,500
24.06.2024 05:59:33.977,4.6529300000000005,4.65041,800,500
24.06.2024 05:59:48.361,4.65294,4.65045,1300,700
24.06.2024 05:59:53.723,4.65302,4.65061,900,700
24.06.2024 06:00:00.059,4.652700000000001,4.651,900,1400
24.06.2024 06:00:00.210,4.65278,4.651190000000001,1100,1000
24.06.2024 06:00:00.361,4.652940000000001,4.65132,700,1300
24.06.2024 06:00:01.313,4.652920000000001,4.65123,500,600
24.06.2024 06:00:03.665,4.652970000000001,4.651280000000001,1000,1200
24.06.2024 06:00:03.716,4.65301,4.65147,800,400
24.06.2024 06:00:06.170,4.65289,4.65142,1000,1100
24.06.2024 06:00:10.730,4.65299,4.651540000000001,500,800
24.06.2024 06:00:11.782,4.65298,4.65141,600,500
24.06.2024 06:00:15.639,4.652950000000001,4.651300000000001,1300,900
24.06.2024 06:00:15.940,4.65304,4.65144,1300,1200
24.06.2024 06:00:16.341,4.652950000000001,4.65133,1000,600
24.06.2024 06:00:21.816,4.65293,4.6513100000000005,1200,600
24.06.2024 06:00:23.022,4.6529300000000005,4.651300000000001,700,1100
24.06.2024 06:00:24.925,4.65298,4.65125,800,700
24.06.2024 06:00:25.776,4.65296,4.65125,500,1000
24.06.2024 06:00:28.080,4.6531,4.651330000000001,1200,1100
24.06.2024 06:00:28.232,4.65309,4.65132,1000,900
24.06.2024 06:00:28.433,4.65324,4.6514500000000005,1200,1300
24.06.2024 06:00:39.554,4.65313,4.65149,700,500
24.06.2024 06:00:40.057,4.653230000000001,4.651540000000001,400,700
24.06.2024 06:00:44.616,4.653160000000001,4.651490000000001,1200,1200
24.06.2024 06:00:45.368,4.65304,4.65141,1100,500
24.06.2024 06:00:48.831,4.653160000000001,4.65151,700,900
24.06.2024 06:00:51.341,4.65316,4.65153,800,400
24.06.2024 06:00:51.742,4.65319,4.6517100000000005,400,700
24.06.2024 06:00:56.150,4.653250000000001,4.6516,900,1200
24.06.2024 06:00:57.101,4.65317,4.65152,1100,600
24.06.2024 06:00:58.755,4.65324,4.651560000000001,500,800
24.06.2024 06:01:03.966,4.65315,4.651580000000001,1300,500
24.06.2024 06:01:06.522,4.65326,4.6516,1100,600
24.06.2024 06:01:06.874,4.653200000000001,4.65151,800,1100
24.06.2024 06:01:07.124,4.6530700000000005,4.6515,1300,500
24.06.2024 06:01:11.281,4.65307,4.65142,500,1000
24.06.2024 06:01:11.432,4.653040000000001,4.65138,700,600
24.06.2024 06:01:21.556,4.65294,4.65139,900,700
24.06.2024 06:01:31.726,4.65299,4.65141,900,800
24.06.2024 06:01:35.836,4.65285,4.651330000000001,500,800
24.06.2024 06:01:36.237,4.6529,4.65134,500,1100
24.06.2024 06:01:41.847,4.653150000000001,4.65156,900,500
24.06.2024 06:01:50.168,4.6532,4.651630000000001,1200,600
24.06.2024 06:02:00.990,4.653200000000001,4.65157,900,1300
24.06.2024 06:02:01.241,4.653160000000001,4.6514999999999995,1300,1100
24.06.2024 06:02:06.105,4.6530700000000005,4.651470000000001,1300,900
24.06.2024 06:02:16.728,4.65302,4.65144,900,1000
24.06.2024 06:02:19.184,4.65318,4.65156,1200,900
24.06.2024 06:02:22.142,4.653250000000001,4.651610000000001,900,1100
24.06.2024 06:02:29.105,4.65324,4.65158,1200,900
24.06.2024 06:02:33.370,4.653170000000001,4.651480000000001,1300,700
24.06.2024 06:02:44.294,4.653200000000001,4.65156,1100,400
24.06.2024 06:02:54.468,4.65317,4.65143,1100,700
24.06.2024 06:03:14.984,4.652880000000001,4.651220000000001,1200,900
24.06.2024 06:03:16.898,4.652810000000001,4.65118,700,1100
24.06.2024 06:03:16.957,4.652730000000001,4.65108,1400,400
24.06.2024 06:03:19.010,4.65257,4.6509599999999995,600,1000
24.06.2024 06:03:19.661,4.65276,4.6511,900,400
24.06.2024 06:03:27.669,4.65282,4.65116,1400,800
24.06.2024 06:03:31.729,4.65271,4.65109,800,700
24.06.2024 06:03:33.133,4.65282,4.65121,1100,600
24.06.2024 06:03:37.091,4.65289,4.65121,1200,1300
24.06.2024 06:03:37.192,4.6528,4.65109,800,500
24.06.2024 06:03:42.856,4.65271,4.65108,400,1100
24.06.2024 06:03:48.118,4.65272,4.6512199999999995,1300,400
24.06.2024 06:03:48.220,4.652880000000001,4.651320000000001,500,600
24.06.2024 06:03:48.271,4.65289,4.65132,1200,1000
24.06.2024 06:03:48.822,4.6529799999999994,4.65139,1100,400
24.06.2024 06:03:51.625,4.65291,4.65125,1200,1100
24.06.2024 06:03:52.680,4.6528,4.65115,600,900
24.06.2024 06:03:57.787,4.65275,4.65114,1000,500
24.06.2024 06:04:00.444,4.65269,4.65109,1000,600
24.06.2024 06:04:05.205,4.65259,4.65106,900,1300
24.06.2024 06:04:12.401,4.65268,4.65106,600,1000
24.06.2024 06:04:16.711,4.65257,4.65103,900,600
24.06.2024 06:04:17.765,4.652690000000001,4.65114,900,400
24.06.2024 06:04:19.369,4.65263,4.651020000000001,1200,1000
24.06.2024 06:04:19.621,4.65259,4.651009999999999,800,800
24.06.2024 06:04:21.724,4.65261,4.65106,900,600
24.06.2024 06:04:22.877,4.652570000000001,4.651009999999999,1000,800
24.06.2024 06:04:25.283,4.65245,4.650850000000001,600,500
24.06.2024 06:04:25.435,4.6523900000000005,4.65092,1400,800
24.06.2024 06:04:25.486,4.65227,4.650720000000001,1100,1100
24.06.2024 06:04:25.538,4.65209,4.65062,600,1100
24.06.2024 06:04:25.940,4.65214,4.650510000000001,1100,1300
24.06.2024 06:04:28.144,4.65196,4.650500000000001,700,1200
24.06.2024 06:04:33.053,4.65196,4.650500000000001,400,900
24.06.2024 06:04:34.355,4.65198,4.650440000000001,1400,1300
24.06.2024 06:04:36.110,4.65203,4.650480000000001,1100,900
24.06.2024 06:04:37.112,4.65204,4.65057,900,1300
24.06.2024 06:04:37.363,4.652170000000001,4.65069,1000,1000
24.06.2024 06:04:41.731,4.65221,4.650760000000001,1200,1100
24.06.2024 06:04:43.186,4.65235,4.65087,1100,1300
24.06.2024 06:04:44.539,4.65232,4.65078,1000,900
24.06.2024 06:04:46.240,4.65231,4.65078,1100,1200
24.06.2024 06:04:49.849,4.65231,4.650690000000001,500,500
24.06.2024 06:04:57.266,4.652400000000001,4.65076,500,1000
24.06.2024 06:04:58.319,4.652350000000001,4.650930000000001,1100,800
24.06.2024 06:04:59.071,4.65243,4.650980000000001,400,600
24.06.2024 06:04:59.274,4.6525799999999995,4.65104,700,1200
24.06.2024 06:05:03.280,4.65255,4.65101,1300,1100
24.06.2024 06:05:08.592,4.65245,4.65096,800,800
24.06.2024 06:05:09.094,4.65242,4.650930000000001,600,700
24.06.2024 06:05:10.474,4.65223,4.650710000000001,900,600
24.06.2024 06:05:12.379,4.652360000000001,4.6507700000000005,800,1200
24.06.2024 06:05:20.049,4.65227,4.650790000000001,500,1000
24.06.2024 06:05:20.900,4.6523699999999995,4.65088,1300,600
24.06.2024 06:05:22.002,4.65236,4.65079,1200,500
24.06.2024 06:05:31.122,4.65229,4.65066,1300,700
24.06.2024 06:05:32.976,4.65235,4.65072,800,600
24.06.2024 06:05:34.978,4.65237,4.650790000000001,1100,900
24.06.2024 06:05:44.003,4.65225,4.65074,900,700
24.06.2024 06:05:54.274,4.652280000000001,4.650720000000001,600,1400
24.06.2024 06:06:02.942,4.65205,4.6505,600,1200
24.06.2024 06:06:07.152,4.65224,4.65062,1000,900
24.06.2024 06:06:07.303,4.652340000000001,4.650720000000001,600,1200
24.06.2024 06:06:11.062,4.6522499999999996,4.65068,900,900
24.06.2024 06:06:11.263,4.65212,4.6505600000000005,1300,900
24.06.2024 06:06:11.565,4.65226,4.650670000000001,1000,600
24.06.2024 06:06:12.718,4.652280000000001,4.650650000000001,600,700
24.06.2024 06:06:22.887,4.65229,4.65062,600,700
24.06.2024 06:06:28.249,4.6522,4.650650000000001,1200,1000
24.06.2024 06:06:37.523,4.65239,4.650690000000001,1200,600
24.06.2024 06:06:37.826,4.65244,4.65082,1000,800
24.06.2024 06:06:38.128,4.652520000000001,4.6509599999999995,1100,500
24.06.2024 06:06:38.380,4.65246,4.65089,600,800
24.06.2024 06:06:39.181,4.65244,4.65092,1000,500
24.06.2024 06:06:40.582,4.652540000000001,4.65097,1000,1100
24.06.2024 06:06:46.742,4.65249,4.65085,500,1300
24.06.2024 06:06:50.699,4.652520000000001,4.65092,700,900
24.06.2024 06:06:57.697,4.65256,4.65094,900,600
24.06.2024 06:07:00.155,4.652520000000001,4.65094,700,400
24.06.2024 06:07:01.158,4.65245,4.65085,1300,1000
24.06.2024 06:07:02.663,4.652420000000001,4.65074,600,1200
24.06.2024 06:07:03.716,4.652279999999999,4.650729999999999,1100,900
24.06.2024 06:07:14.839,4.65234,4.65075,1200,800
24.06.2024 06:07:18.059,4.652270000000001,4.6506,700,800
24.06.2024 06:07:18.863,4.652220000000001,4.65059,800,1100
24.06.2024 06:07:27.933,4.65228,4.65071,600,1300
24.06.2024 06:07:28.084,4.652299999999999,4.650710000000001,600,500
24.06.2024 06:07:39.265,4.6524,4.65078,900,1300
24.06.2024 06:07:45.979,4.6524600000000005,4.65086,1400,700
24.06.2024 06:07:50.389,4.652430000000001,4.65095,1200,700
24.06.2024 06:07:50.544,4.65262,4.65097,400,600
24.06.2024 06:07:57.205,4.652620000000001,4.651120000000001,1100,800
24.06.2024 06:07:58.258,4.65268,4.651160000000001,600,1200
24.06.2024 06:08:01.466,4.65266,4.65107,1100,600
24.06.2024 06:08:03.569,4.652640000000001,4.65116,500,800
24.06.2024 06:08:06.825,4.6526000000000005,4.65108,1300,1300
24.06.2024 06:08:13.022,4.6525799999999995,4.651000000000001,800,1100
24.06.2024 06:08:15.128,4.652730000000001,4.65107,900,1300
24.06.2024 06:08:15.229,4.65273,4.6512,1200,700
24.06.2024 06:08:26.156,4.652820000000001,4.6512,1200,1200
24.06.2024 06:08:35.979,4.6527,4.65112,1200,1000
24.06.2024 06:08:43.597,4.65273,4.6512400000000005,800,600
24.06.2024 06:08:54.021,4.6527199999999995,4.6512400000000005,1100,500
24.06.2024 06:08:55.044,4.65271,4.6511000000000005,500,700
24.06.2024 06:08:56.196,4.6527199999999995,4.651260000000001,1100,1300
24.06.2024 06:08:57.548,4.6527400000000005,4.651330000000001,1200,900
24.06.2024 06:08:59.803,4.6527199999999995,4.651129999999999,1200,800
24.06.2024 06:09:02.158,4.65275,4.65116,1200,1200
24.06.2024 06:09:05.215,4.6526000000000005,4.65106,900,1200
24.06.2024 06:09:05.516,4.65522,4.64844,1700,700
24.06.2024 06:09:18.496,4.65247,4.65088,1100,1100
24.06.2024 06:09:19.248,4.65257,4.65094,800,1100
24.06.2024 06:09:24.858,4.65255,4.65101,600,600
24.06.2024 06:09:30.103,4.652640000000001,4.6511000000000005,600,1000
24.06.2024 06:09:33.565,4.65254,4.65094,600,900
24.06.2024 06:09:33.616,4.652400000000001,4.65082,500,800
24.06.2024 06:09:33.717,4.65227,4.650690000000001,600,800
24.06.2024 06:09:41.128,4.652280000000001,4.65077,600,1300
24.06.2024 06:09:46.843,4.65225,4.65071,1000,700
24.06.2024 06:09:48.348,4.65234,4.65077,500,700
24.06.2024 06:09:55.264,4.652220000000001,4.65067,500,600
24.06.2024 06:09:56.467,4.6522,4.65061,1000,1200
24.06.2024 06:10:00.175,4.65216,4.65064,1000,1300
24.06.2024 06:10:02.079,4.652290000000001,4.6507700000000005,1200,800
24.06.2024 06:10:03.232,4.65239,4.65073,800,1400
24.06.2024 06:10:06.815,4.65232,4.65072,900,1000
24.06.2024 06:10:12.330,4.65216,4.65071,600,600
24.06.2024 06:10:12.431,4.65184,4.65034,1300,1000
24.06.2024 06:10:12.535,4.65174,4.650240000000001,1000,500
24.06.2024 06:10:12.687,4.65166,4.65025,400,1200
24.06.2024 06:10:12.988,4.65175,4.65021,500,1300
24.06.2024 06:10:21.708,4.651720000000001,4.65016,800,1400
24.06.2024 06:10:22.912,4.65185,4.650240000000001,1000,1100
24.06.2024 06:10:30.932,4.651619999999999,4.65005,1200,500
24.06.2024 06:10:31.784,4.65157,4.6499999999999995,400,1200
24.06.2024 06:10:31.834,4.65155,4.649920000000001,500,600
24.06.2024 06:10:34.992,4.651490000000001,4.6498800000000005,1100,1100
24.06.2024 06:10:35.343,4.65167,4.65001,1000,1000
24.06.2024 06:10:42.741,4.65154,4.64993,900,400
24.06.2024 06:10:43.042,4.6516,4.6500200000000005,600,1200
24.06.2024 06:10:46.501,4.651670000000001,4.6500900000000005,1300,1300
24.06.2024 06:10:52.066,4.65178,4.650220000000001,900,500
24.06.2024 06:10:52.367,4.65188,4.650320000000001,1300,700
24.06.2024 06:10:53.820,4.651929999999999,4.65035,800,1000
24.06.2024 06:10:54.773,4.65176,4.65033,1300,900
24.06.2024 06:10:58.934,4.65172,4.65015,1200,600
24.06.2024 06:11:07.353,4.65175,4.650250000000001,400,700
24.06.2024 06:11:07.705,4.65172,4.650180000000001,1200,900
24.06.2024 06:11:07.856,4.651800000000001,4.65024,700,1100
24.06.2024 06:11:08.107,4.65186,4.65033,800,1100
24.06.2024 06:11:18.397,4.6519200000000005,4.6503000000000005,1300,700
24.06.2024 06:11:28.020,4.65197,4.65042,800,1300
24.06.2024 06:11:32.482,4.65208,4.65054,700,800
24.06.2024 06:11:32.584,4.65216,4.65071,1100,800
24.06.2024 06:11:32.785,4.65226,4.65062,900,800
24.06.2024 06:11:38.649,4.6523200000000005,4.65064,1300,1300
24.06.2024 06:11:38.850,4.65233,4.65074,700,1200
24.06.2024 06:11:39.903,4.6523900000000005,4.650790000000001,700,500
24.06.2024 06:11:41.907,4.65203,4.6505600000000005,1300,600
24.06.2024 06:11:46.670,4.65215,4.65069,1000,800
24.06.2024 06:11:46.775,4.65211,4.650530000000001,1200,700
24.06.2024 06:11:46.876,4.65205,4.650440000000001,800,700
24.06.2024 06:11:47.828,4.652,4.650420000000001,700,600
24.06.2024 06:11:48.831,4.65203,4.65052,600,1300
24.06.2024 06:11:50.785,4.652030000000001,4.65046,1100,800
24.06.2024 06:12:00.969,4.65199,4.650329999999999,1300,1000
24.06.2024 06:12:04.177,4.65212,4.650480000000001,800,900
24.06.2024 06:12:04.328,4.65221,4.6507000000000005,1200,800
24.06.2024 06:12:05.430,4.652240000000001,4.650620000000001,500,1100
24.06.2024 06:12:09.084,4.65231,4.65061,800,700
24.06.2024 06:12:10.987,4.65222,4.65072,700,700
24.06.2024 06:12:12.290,4.65236,4.65078,1100,1400
24.06.2024 06:12:22.263,4.65237,4.650729999999999,600,900
24.06.2024 06:12:35.355,4.65237,4.65086,400,600
24.06.2024 06:12:38.565,4.65231,4.6508400000000005,1200,1400
24.06.2024 06:12:48.689,4.652299999999999,4.65075,700,1000
24.06.2024 06:12:57.158,4.65227,4.6508400000000005,900,900
24.06.2024 06:13:08.485,4.6523200000000005,4.65077,700,600
24.06.2024 06:13:16.603,4.652370000000001,4.650880000000001,1000,600
24.06.2024 06:13:18.446,4.65245,4.65096,400,1300
24.06.2024 06:13:27.404,4.65243,4.650830000000001,1100,900
24.06.2024 06:13:28.557,4.652450000000001,4.65089,1200,800
24.06.2024 06:13:32.116,4.65245,4.65101,1200,900
24.06.2024 06:13:34.519,4.652550000000001,4.65107,800,1000
24.06.2024 06:13:35.421,4.65254,4.65098,1400,500
24.06.2024 06:13:35.522,4.652360000000001,4.650930000000001,500,1400
24.06.2024 06:13:35.572,4.65236,4.65085,900,900
24.06.2024 06:13:37.475,4.65226,4.65067,1100,1400
24.06.2024 06:13:38.478,4.65226,4.6507000000000005,1300,700
24.06.2024 06:13:40.982,4.65229,4.65068,1300,400
24.06.2024 06:13:51.001,4.65226,4.65073,900,900
24.06.2024 06:14:01.542,4.65236,4.6508,1400,1100
24.06.2024 06:14:04.349,4.652290000000001,4.65066,1200,500
24.06.2024 06:14:08.911,4.65229,4.65067,1400,800
24.06.2024 06:14:20.287,4.652360000000001,4.65071,700,1000
24.06.2024 06:14:20.988,4.65229,4.650740000000001,900,1300
24.06.2024 06:14:25.650,4.65256,4.65099,1300,400
24.06.2024 06:14:28.303,4.65243,4.65088,1400,800
24.06.2024 06:14:28.555,4.652340000000001,4.650850000000001,1300,800
24.06.2024 06:14:32.667,4.65241,4.6508400000000005,500,800
24.06.2024 06:14:32.919,4.65249,4.65091,1300,1300
24.06.2024 06:14:35.682,4.6525,4.65094,1000,800
24.06.2024 06:14:43.853,4.652480000000001,4.65083,600,900
24.06.2024 06:14:44.158,4.6522499999999996,4.65066,900,500
24.06.2024 06:14:49.919,4.65207,4.650550000000001,1200,600
24.06.2024 06:15:00.992,4.652100000000001,4.650510000000001,700,500
24.06.2024 06:15:02.196,4.652,4.65037,800,1000
24.06.2024 06:15:03.699,4.6521,4.650480000000001,1200,700
24.06.2024 06:15:03.900,4.65216,4.6506,1200,1200
24.06.2024 06:15:04.000,4.652290000000001,4.65074,1300,700
24.06.2024 06:15:04.702,4.65235,4.6506300000000005,400,1100
24.06.2024 06:15:16.246,4.652290000000001,4.65066,1100,600
24.06.2024 06:15:26.422,4.65223,4.65075,1400,900
24.06.2024 06:15:26.724,4.652190000000001,4.650640000000001,800,1300
24.06.2024 06:15:29.430,4.652279999999999,4.650710000000001,800,800
24.06.2024 06:15:32.737,4.65236,4.650720000000001,1300,1000
24.06.2024 06:15:34.640,4.65224,4.65077,400,1100
24.06.2024 06:15:35.643,4.6524,4.65086,1000,1300
24.06.2024 06:15:40.205,4.652310000000001,4.65078,1400,500
24.06.2024 06:15:45.116,4.65235,4.6507499999999995,1300,700
24.06.2024 06:15:48.144,4.65233,4.6508,600,800
24.06.2024 06:15:51.003,4.652299999999999,4.6506799999999995,1200,900
24.06.2024 06:16:01.025,4.65241,4.65079,600,1400
24.06.2024 06:16:10.646,4.6523,4.65071,800,800
24.06.2024 06:16:18.867,4.652330000000001,4.6507499999999995,1300,900
24.06.2024 06:16:20.970,4.65238,4.65072,1200,1200
24.06.2024 06:16:24.778,4.65231,4.6507000000000005,1200,500
24.06.2024 06:16:27.899,4.65226,4.65061,600,900
24.06.2024 06:16:28.601,4.6521,4.65054,800,1000
24.06.2024 06:16:32.960,4.6520399999999995,4.650510000000001,1100,1300
24.06.2024 06:16:41.281,4.652150000000001,4.6504900000000005,500,1000
24.06.2024 06:16:57.518,4.65211,4.650550000000001,800,1400
24.06.2024 06:17:00.073,4.6519900000000005,4.65045,800,900
24.06.2024 06:17:01.377,4.65181,4.650270000000001,1300,1400
24.06.2024 06:17:01.432,4.65178,4.650220000000001,800,700
24.06.2024 06:17:01.533,4.65175,4.65014,500,600
24.06.2024 06:17:01.734,4.651770000000001,4.6502,1200,500
24.06.2024 06:17:01.885,4.651880000000001,4.6503,1100,1300
24.06.2024 06:17:02.391,4.6519699999999995,4.650329999999999,600,400
24.06.2024 06:17:09.760,4.65185,4.65024,1000,600
24.06.2024 06:17:14.672,4.6516,4.65003,1100,500
24.06.2024 06:17:18.785,4.65168,4.650080000000001,400,900
24.06.2024 06:17:24.244,4.651560000000001,4.6500200000000005,1300,1200
24.06.2024 06:17:24.346,4.65153,4.6498800000000005,800,700
24.06.2024 06:17:24.447,4.65134,4.64975,1000,1200
24.06.2024 06:17:24.798,4.65129,4.64968,800,700
24.06.2024 06:17:25.300,4.65129,4.649760000000001,700,1100
24.06.2024 06:17:37.778,4.65136,4.64983,1200,1000
24.06.2024 06:17:49.156,4.6512,4.64972,1400,1000
24.06.2024 06:17:53.319,4.65141,4.6498,1300,900
24.06.2024 06:17:53.623,4.65136,4.6498,600,800
24.06.2024 06:17:56.779,4.6512199999999995,4.6496699999999995,1000,500
24.06.2024 06:17:58.833,4.65106,4.64946,1400,1300
24.06.2024 06:17:59.235,4.65107,4.649500000000001,900,900
24.06.2024 06:17:59.536,4.65123,4.6495500000000005,1000,1200
24.06.2024 06:17:59.938,4.65129,4.649730000000001,600,1400
24.06.2024 06:18:00.639,4.65138,4.649760000000001,1200,1200
24.06.2024 06:18:04.346,4.65148,4.64986,700,1200
24.06.2024 06:18:06.600,4.65157,4.64998,500,800
24.06.2024 06:18:09.058,4.65156,4.65,1200,1000
24.06.2024 06:18:10.460,4.651660000000001,4.650080000000001,600,1200
24.06.2024 06:18:20.369,4.651619999999999,4.6499500000000005,1000,1400
24.06.2024 06:18:20.670,4.65165,4.65004,1000,1100
24.06.2024 06:18:30.694,4.65167,4.650110000000001,1100,700
24.06.2024 06:18:46.834,4.65161,4.650110000000001,700,900
24.06.2024 06:18:52.208,4.65186,4.65024,700,1300
24.06.2024 06:18:54.315,4.651790000000001,4.65021,1100,1200
24.06.2024 06:18:59.328,4.65189,4.65025,700,1400
24.06.2024 06:19:05.041,4.651930000000001,4.65033,1400,1200
24.06.2024 06:19:06.644,4.65193,4.65034,1100,800
24.06.2024 06:19:11.005,4.651940000000001,4.650370000000001,700,1000
24.06.2024 06:19:18.174,4.652000000000001,4.650429999999999,1100,1400
24.06.2024 06:19:22.081,4.6518500000000005,4.650270000000001,1000,1200
24.06.2024 06:19:31.711,4.65191,4.65033,700,1300
24.06.2024 06:19:41.583,4.6518,4.65031,800,1400
24.06.2024 06:19:41.734,4.6517100000000005,4.65019,900,600
24.06.2024 06:19:42.390,4.65172,4.65017,1100,1000
24.06.2024 06:19:43.093,4.65158,4.6501,400,600
24.06.2024 06:19:48.303,4.65173,4.650110000000001,1100,1200
24.06.2024 06:19:58.321,4.65169,4.650180000000001,700,500
24.06.2024 06:19:58.772,4.65165,4.65006,1100,1400
24.06.2024 06:19:58.823,4.65159,4.650040000000001,1200,1200
24.06.2024 06:19:58.876,4.6515,4.64991,1200,1300
24.06.2024 06:20:07.251,4.6513800000000005,4.6498,400,900
24.06.2024 06:20:17.723,4.6513800000000005,4.649830000000001,700,500
24.06.2024 06:20:19.229,4.6515,4.64993,700,1400
24.06.2024 06:20:21.582,4.65158,4.650049999999999,700,1300
24.06.2024 06:20:23.886,4.65144,4.64994,700,1100
24.06.2024 06:20:24.789,4.65133,4.64979,800,1000
24.06.2024 06:20:25.591,4.65141,4.64991,700,700
24.06.2024 06:20:28.649,4.65151,4.6499,600,700
24.06.2024 06:20:30.702,4.65142,4.649920000000001,500,800
24.06.2024 06:20:32.156,4.65133,4.6498099999999996,700,1200
24.06.2024 06:20:34.661,4.6513800000000005,4.64992,400,1100
24.06.2024 06:20:37.153,4.6513800000000005,4.649730000000001,1000,800
24.06.2024 06:20:38.105,4.6513100000000005,4.64979,1000,1300
24.06.2024 06:20:38.807,4.65126,4.649640000000001,1200,700
24.06.2024 06:20:38.907,4.65118,4.649610000000001,800,1100
24.06.2024 06:20:40.360,4.65128,4.649710000000001,1200,900
24.06.2024 06:20:41.414,4.65119,4.64959,1300,500
24.06.2024 06:20:43.318,4.65111,4.64956,1300,1400
24.06.2024 06:20:44.070,4.6509100000000005,4.6493400000000005,1000,600
24.06.2024 06:20:45.723,4.65089,4.649350000000001,900,1300
24.06.2024 06:20:46.175,4.65082,4.6493199999999995,900,1200
24.06.2024 06:20:47.128,4.65066,4.64906,400,700
24.06.2024 06:20:49.131,4.65074,4.649190000000001,1200,1200
24.06.2024 06:20:52.988,4.6508,4.64931,1200,700
24.06.2024 06:20:53.991,4.650900000000001,4.649290000000001,700,400
24.06.2024 06:20:57.147,4.65093,4.64933,1300,1300
24.06.2024 06:20:59.101,4.651,4.649430000000001,600,500
24.06.2024 06:21:01.909,4.65092,4.649330000000001,1100,1000
24.06.2024 06:21:05.065,4.65103,4.64946,600,900
24.06.2024 06:21:07.986,4.6509599999999995,4.649430000000001,900,700
24.06.2024 06:21:08.437,4.65093,4.64933,1100,1000
24.06.2024 06:21:13.146,4.65096,4.64939,800,900
24.06.2024 06:21:18.156,4.65089,4.6493,1300,700
24.06.2024 06:21:25.730,4.650869999999999,4.64924,1000,600
24.06.2024 06:21:28.988,4.650869999999999,4.6493,1300,1000
24.06.2024 06:21:30.743,4.65071,4.64913,700,1100
24.06.2024 06:21:30.994,4.65078,4.64914,1100,700
24.06.2024 06:21:34.201,4.650580000000001,4.6489400000000005,1200,1300
24.06.2024 06:21:34.302,4.6505,4.64893,1100,900
24.06.2024 06:21:36.105,4.650510000000001,4.648930000000001,500,800
24.06.2024 06:21:39.770,4.65054,4.6490100000000005,500,900
24.06.2024 06:21:40.021,4.65053,4.648900000000001,700,600
24.06.2024 06:21:44.581,4.650510000000001,4.64897,800,500
24.06.2024 06:21:44.732,4.65046,4.6488700000000005,500,600
24.06.2024 06:21:45.583,4.65049,4.648860000000001,800,1100
24.06.2024 06:21:50.593,4.650320000000001,4.64877,800,900
24.06.2024 06:21:54.052,4.65038,4.6488700000000005,800,800
24.06.2024 06:21:55.206,4.650430000000001,4.64891,1100,800
24.06.2024 06:21:55.909,4.650510000000001,4.648910000000001,500,800
24.06.2024 06:21:57.761,4.6504,4.648820000000001,500,400
24.06.2024 06:21:59.117,4.6503000000000005,4.6487300000000005,1400,1200
24.06.2024 06:22:05.329,4.650500000000001,4.6489199999999995,700,500
24.06.2024 06:22:12.026,4.650380000000001,4.6488000000000005,1300,1400
24.06.2024 06:22:20.797,4.650519999999999,4.648969999999999,1200,600
24.06.2024 06:22:20.949,4.65057,4.64904,1300,500
24.06.2024 06:22:21.101,4.65072,4.64914,800,1100
24.06.2024 06:22:21.853,4.65058,4.64902,900,900
24.06.2024 06:22:23.305,4.65054,4.6489400000000005,1200,400
24.06.2024 06:22:26.661,4.650580000000001,4.648920000000001,1400,1000
24.06.2024 06:22:36.435,4.65054,4.64904,1000,600
24.06.2024 06:22:40.092,4.650620000000001,4.64902,1100,900
24.06.2024 06:22:40.143,4.65072,4.649100000000001,500,700
24.06.2024 06:22:41.096,4.6506300000000005,4.6490100000000005,500,900
24.06.2024 06:22:50.826,4.65061,4.6489899999999995,800,600
24.06.2024 06:23:00.901,4.65052,4.64896,800,500
24.06.2024 06:23:03.757,4.650460000000001,4.64885,1200,1000
24.06.2024 06:23:04.762,4.65038,4.648820000000001,800,600
24.06.2024 06:23:14.783,4.650390000000001,4.64878,800,1300
24.06.2024 06:23:17.388,4.65029,4.64878,700,400
24.06.2024 06:23:20.852,4.650310000000001,4.64871,500,800
24.06.2024 06:23:28.220,4.65054,4.64898,1200,600
24.06.2024 06:23:30.979,4.650469999999999,4.6489199999999995,700,700
24.06.2024 06:23:38.847,4.65038,4.64885,1200,1300
24.06.2024 06:23:41.606,4.6504,4.6487799999999995,700,1300
24.06.2024 06:23:41.808,4.650200000000001,4.64864,1300,800
24.06.2024 06:23:45.869,4.65032,4.64878,1000,1000
24.06.2024 06:23:53.886,4.65026,4.64871,900,1200
24.06.2024 06:24:00.351,4.6503000000000005,4.64878,500,1200
24.06.2024 06:24:04.919,4.650399999999999,4.648890000000001,1200,1200
24.06.2024 06:24:09.833,4.65044,4.6488700000000005,900,1000
24.06.2024 06:24:10.337,4.650380000000001,4.64883,700,500
24.06.2024 06:24:21.011,4.650410000000001,4.64889,800,900
24.06.2024 06:24:26.473,4.65036,4.6488,800,500
24.06.2024 06:24:27.226,4.650320000000001,4.64876,800,800
24.06.2024 06:24:28.482,4.65021,4.6486600000000005,800,1400
24.06.2024 06:24:28.585,4.64992,4.64836,900,1000
24.06.2024 06:24:28.737,4.649980000000001,4.648370000000001,800,800
24.06.2024 06:24:28.938,4.649970000000001,4.64843,1300,1100
24.06.2024 06:24:29.089,4.650130000000001,4.648560000000001,1100,1400
24.06.2024 06:24:36.285,4.65009,4.648630000000001,1400,1300
24.06.2024 06:24:36.486,4.65005,4.6485,1200,1300
24.06.2024 06:24:36.887,4.64994,4.6484000000000005,700,900
24.06.2024 06:24:37.489,4.64991,4.64841,700,600
24.06.2024 06:24:39.794,4.649870000000001,4.648300000000001,400,1300
24.06.2024 06:24:43.954,4.64995,4.648370000000001,900,1100
24.06.2024 06:24:48.115,4.650029999999999,4.648440000000001,500,1300
24.06.2024 06:24:51.524,4.6500900000000005,4.64847,900,1200
24.06.2024 06:24:51.674,4.6501600000000005,4.648560000000001,1300,800
24.06.2024 06:24:52.226,4.65017,4.64869,800,600
24.06.2024 06:24:52.777,4.650290000000001,4.648680000000001,1100,1100
24.06.2024 06:24:57.840,4.65033,4.64878,500,900
24.06.2024 06:25:01.851,4.6502,4.6485899999999996,1400,1100
24.06.2024 06:25:04.559,4.650080000000001,4.6485199999999995,600,800
24.06.2024 06:25:05.612,4.65014,4.64865,1100,1200
24.06.2024 06:25:06.065,4.650100000000001,4.648499999999999,1200,500
24.06.2024 06:25:06.566,4.650030000000001,4.6484700000000005,1100,600
24.06.2024 06:25:07.067,4.6501,4.648490000000001,800,1000
24.06.2024 06:25:12.035,4.6499500000000005,4.64843,1400,800
24.06.2024 06:25:14.943,4.64991,4.64836,1000,1100
24.06.2024 06:25:15.947,4.649800000000001,4.6483099999999995,1200,400
24.06.2024 06:25:25.466,4.649800000000001,4.64834,900,1400
24.06.2024 06:25:26.068,4.64996,4.64838,600,700
24.06.2024 06:25:36.196,4.65003,4.648490000000001,700,1200
24.06.2024 06:25:36.348,4.650110000000001,4.6485,400,900
24.06.2024 06:25:45.169,4.65001,4.6484700000000005,1400,1300
24.06.2024 06:25:48.323,4.65015,4.6486600000000005,700,800
24.06.2024 06:25:52.919,4.65007,4.648540000000001,700,1200
24.06.2024 06:25:56.128,4.650200000000001,4.64858,900,500
24.06.2024 06:25:59.988,4.65024,4.64864,1100,900
24.06.2024 06:26:00.342,4.650150000000001,4.64862,400,400
24.06.2024 06:26:00.693,4.6501600000000005,4.64872,800,700
24.06.2024 06:26:01.946,4.65026,4.6487300000000005,1200,1400
24.06.2024 06:26:02.998,4.65017,4.648630000000001,700,1100
24.06.2024 06:26:05.151,4.65011,4.64859,500,900
24.06.2024 06:26:05.503,4.65015,4.648610000000001,1000,500
24.06.2024 06:26:12.869,4.6500900000000005,4.64856,1200,1200
24.06.2024 06:26:13.573,4.65005,4.64851,700,1100
24.06.2024 06:26:18.632,4.64991,4.64839,800,1100
24.06.2024 06:26:20.240,4.649940000000001,4.6483300000000005,1100,700
24.06.2024 06:26:30.429,4.64986,4.648350000000001,1300,1100
24.06.2024 06:26:31.082,4.6499500000000005,4.64838,900,1000
24.06.2024 06:26:33.288,4.64982,4.64842,800,400
24.06.2024 06:26:35.193,4.64975,4.648230000000001,500,1400
24.06.2024 06:26:35.250,4.6498,4.64824,600,400
24.06.2024 06:26:35.451,4.64979,4.64827,1200,1200
24.06.2024 06:26:36.156,4.649780000000001,4.64827,1400,1100
24.06.2024 06:26:40.315,4.6496200000000005,4.64809,1100,400
24.06.2024 06:26:40.967,4.6497,4.648070000000001,400,800
24.06.2024 06:26:45.172,4.6496699999999995,4.64818,600,1100
24.06.2024 06:26:46.075,4.649730000000001,4.648110000000001,1400,900
24.06.2024 06:26:46.827,4.649730000000001,4.64816,1100,1000
24.06.2024 06:26:46.877,4.64982,4.64828,800,500
24.06.2024 06:26:48.283,4.6497,4.6482,500,1100
24.06.2024 06:26:49.436,4.64982,4.64833,1100,1200
24.06.2024 06:26:52.943,4.64989,4.64838,400,600
24.06.2024 06:26:54.195,4.649830000000001,4.6484499999999995,900,600
24.06.2024 06:26:58.002,4.64987,4.64839,800,1000
24.06.2024 06:27:02.932,4.6500200000000005,4.648490000000001,1000,1000
24.06.2024 06:27:02.985,4.6500900000000005,4.648570000000001,1300,500
24.06.2024 06:27:03.536,4.65011,4.64862,1400,800
24.06.2024 06:27:06.742,4.65011,4.648460000000001,500,800
24.06.2024 06:27:07.995,4.65004,4.6484,1100,1200
24.06.2024 06:27:15.310,4.64987,4.64836,700,1100
24.06.2024 06:27:16.313,4.64989,4.6483300000000005,500,700
24.06.2024 06:27:19.528,4.650080000000001,4.648510000000001,700,500
24.06.2024 06:27:19.629,4.65018,4.648650000000001,900,500
24.06.2024 06:27:19.930,4.65022,4.64865,800,900
24.06.2024 06:27:20.882,4.650290000000001,4.6488,700,1000
24.06.2024 06:27:24.640,4.650270000000001,4.648770000000001,500,1000
24.06.2024 06:27:25.191,4.650370000000001,4.64881,1200,1200
24.06.2024 06:27:27.144,4.65025,4.64867,500,800
24.06.2024 06:27:32.509,4.6502300000000005,4.64864,600,900
24.06.2024 06:27:32.773,4.65012,4.64858,1200,600
24.06.2024 06:27:35.330,4.650050000000001,4.64853,1100,700
24.06.2024 06:27:40.842,4.65011,4.648620000000001,900,1200
24.06.2024 06:27:42.847,4.65005,4.64855,400,500
24.06.2024 06:27:43.749,4.64998,4.64844,1300,500
24.06.2024 06:27:51.518,4.650100000000001,4.64851,900,900
24.06.2024 06:27:53.122,4.65013,4.6486600000000005,500,500
24.06.2024 06:27:53.824,4.65025,4.64864,500,1400
24.06.2024 06:27:55.929,4.6502300000000005,4.64865,700,800
24.06.2024 06:27:58.632,4.64999,4.6484499999999995,500,1300
24.06.2024 06:28:00.337,4.65004,4.64851,700,800
24.06.2024 06:28:10.995,4.650060000000001,4.648540000000001,600,700
24.06.2024 06:28:14.304,4.650060000000001,4.64846,900,1100
24.06.2024 06:28:19.622,4.65016,4.648610000000001,500,500
24.06.2024 06:28:19.823,4.6501,4.64853,800,1200
24.06.2024 06:28:19.974,4.650110000000001,4.64855,700,700
24.06.2024 06:28:23.078,4.65008,4.648570000000001,1100,800
24.06.2024 06:28:23.629,4.65014,4.6486600000000005,1300,400
24.06.2024 06:28:27.187,4.65008,4.648490000000001,400,1200
24.06.2024 06:28:28.089,4.65019,4.64861,600,500
24.06.2024 06:28:29.644,4.650220000000001,4.64868,600,600
24.06.2024 06:28:29.695,4.6503000000000005,4.648740000000001,800,800
24.06.2024 06:28:30.747,4.65041,4.64876,1200,700
24.06.2024 06:28:31.749,4.65039,4.64879,600,1200
24.06.2024 06:28:34.306,4.65038,4.64879,900,1300
24.06.2024 06:28:38.766,4.6504199999999996,4.648860000000001,600,500
24.06.2024 06:28:38.917,4.65034,4.64871,900,900
24.06.2024 06:28:39.620,4.65043,4.648840000000001,500,1000
24.06.2024 06:28:41.630,4.65059,4.648930000000001,800,400
24.06.2024 06:28:43.611,4.65067,4.64904,900,1100
24.06.2024 06:28:43.664,4.65074,4.649170000000001,900,600
24.06.2024 06:28:44.918,4.650670000000001,4.64906,1300,600
24.06.2024 06:28:45.169,4.65058,4.64899,600,600
24.06.2024 06:28:47.772,4.650790000000001,4.649150000000001,1200,500
24.06.2024 06:28:47.925,4.65066,4.64909,400,800
24.06.2024 06:28:48.027,4.6506799999999995,4.649150000000001,1100,1000
24.06.2024 06:28:51.281,4.650650000000001,4.64908,1100,1400
24.06.2024 06:28:56.843,4.65061,4.6489899999999995,900,1100
24.06.2024 06:28:56.945,4.6504900000000005,4.64887,700,400
24.06.2024 06:29:09.072,4.65036,4.6488000000000005,800,600
24.06.2024 06:29:09.123,4.65032,4.64872,700,1100
24.06.2024 06:29:14.132,4.650200000000001,4.64862,1200,1400
24.06.2024 06:29:20.983,4.65026,4.648580000000001,400,400
24.06.2024 06:29:23.337,4.650150000000001,4.64853,600,1200
24.06.2024 06:29:28.799,4.65014,4.648540000000001,700,900
24.06.2024 06:29:33.413,4.65006,4.64845,500,400
24.06.2024 06:29:33.664,4.65022,4.6486,700,900
24.06.2024 06:29:33.965,4.65027,4.64867,900,500
24.06.2024 06:29:35.517,4.650410000000001,4.64874,700,1000
24.06.2024 06:29:36.118,4.65033,4.64877,400,400
24.06.2024 06:29:41.632,4.650410000000001,4.6488000000000005,1000,900
24.06.2024 06:29:42.484,4.65028,4.648740000000001,1200,1200
24.06.2024 06:29:51.641,4.6504,4.6488,1100,1300
24.06.2024 06:29:52.744,4.65036,4.64879,1000,800
24.06.2024 06:29:53.647,4.650329999999999,4.64885,1200,800
24.06.2024 06:29:53.750,4.6506099999999995,4.64907,1100,900
24.06.2024 06:29:53.901,4.650640000000001,4.649150000000001,1100,800
24.06.2024 06:29:57.959,4.6506799999999995,4.64916,1000,900
24.06.2024 06:29:58.011,4.65082,4.64923,800,1100
24.06.2024 06:30:01.119,4.6506799999999995,4.64921,700,800
24.06.2024 06:30:01.321,4.6506,4.649100000000001,1100,1100
24.06.2024 06:30:05.126,4.65052,4.64895,1400,500
24.06.2024 06:30:17.755,4.65052,4.64903,800,1000
24.06.2024 06:30:27.983,4.650600000000001,4.648980000000001,700,1100
24.06.2024 06:30:37.256,4.6504900000000005,4.648950000000001,600,800
24.06.2024 06:30:44.725,4.6505,4.64892,1100,1400
24.06.2024 06:30:44.925,4.6504,4.6488,600,1200
24.06.2024 06:30:47.631,4.65032,4.6488,500,1000
24.06.2024 06:30:53.244,4.6503000000000005,4.64864,700,1000
24.06.2024 06:30:54.802,4.650180000000001,4.64862,1400,1100
24.06.2024 06:30:54.955,4.65007,4.6485,900,400
24.06.2024 06:30:58.012,4.6501,4.64852,500,1300
24.06.2024 06:30:59.815,4.650180000000001,4.648620000000001,900,600
24.06.2024 06:31:05.827,4.6502300000000005,4.648770000000001,700,600
24.06.2024 06:31:05.928,4.6503499999999995,4.648770000000001,700,900
24.06.2024 06:31:06.179,4.65021,4.64874,500,1200
24.06.2024 06:31:08.032,4.65024,4.64869,1000,700
24.06.2024 06:31:13.891,4.65033,4.64872,500,1000
24.06.2024 06:31:15.444,4.65045,4.64884,800,1000
24.06.2024 06:31:18.049,4.650329999999999,4.648770000000001,1200,600
24.06.2024 06:31:30.991,4.650340000000001,4.64883,1000,900
24.06.2024 06:31:31.292,4.650470000000001,4.64881,600,1300
24.06.2024 06:31:31.344,4.65073,4.64915,900,500
24.06.2024 06:31:31.397,4.65078,4.649170000000001,800,700
24.06.2024 06:31:31.497,4.65074,4.64914,1100,1000
24.06.2024 06:31:37.858,4.65075,4.64921,500,900
24.06.2024 06:31:40.263,4.65065,4.64914,1300,1000
24.06.2024 06:31:40.968,4.650670000000001,4.64911,500,600
24.06.2024 06:31:51.584,4.650670000000001,4.6490599999999995,1200,1300
24.06.2024 06:31:59.552,4.650510000000001,4.64905,800,700
24.06.2024 06:32:00.408,4.65053,4.64893,800,800
24.06.2024 06:32:04.217,4.650400000000001,4.648970000000001,1000,700
24.06.2024 06:32:04.720,4.65036,4.6489,500,1200
24.06.2024 06:32:07.274,4.650410000000001,4.64888,800,1100
24.06.2024 06:32:13.987,4.650429999999999,4.64884,800,600
24.06.2024 06:32:14.090,4.650460000000001,4.648890000000001,1400,500
24.06.2024 06:32:17.649,4.650510000000001,4.64891,1400,1000
24.06.2024 06:32:31.080,4.6505,4.6488000000000005,700,500
24.06.2024 06:32:31.182,4.65044,4.64874,1300,800
24.06.2024 06:32:31.935,4.65028,4.6486,1300,700
24.06.2024 06:32:33.138,4.65019,4.64849,700,500
24.06.2024 06:32:40.052,4.65012,4.64845,1000,600
24.06.2024 06:32:50.309,4.650180000000001,4.64849,1100,500
24.06.2024 06:33:11.563,4.65011,4.64844,1200,800
24.06.2024 06:33:21.738,4.6501600000000005,4.64853,600,1200
24.06.2024 06:33:31.727,4.6501600000000005,4.6484700000000005,800,500
24.06.2024 06:33:34.084,4.65022,4.648580000000001,900,1400
24.06.2024 06:33:44.160,4.65024,4.64851,900,1300
24.06.2024 06:33:48.822,4.650310000000001,4.648700000000001,1200,400
24.06.2024 06:33:50.926,4.65044,4.648720000000001,900,600
24.06.2024 06:33:58.947,4.65035,4.6487,600,1200
24.06.2024 06:34:00.254,4.650240000000001,4.64859,1400,500
24.06.2024 06:34:04.659,4.650340000000001,4.648680000000001,1300,800
24.06.2024 06:34:13.806,4.65047,4.64882,1100,900
24.06.2024 06:34:14.009,4.650410000000001,4.64873,600,900
24.06.2024 06:34:20.682,4.65043,4.64876,700,1400
24.06.2024 06:34:22.736,4.650390000000001,4.648750000000001,1200,800
24.06.2024 06:34:32.852,4.650390000000001,4.648740000000001,1100,1000
24.06.2024 06:34:47.087,4.650270000000001,4.64859,1000,500
24.06.2024 06:34:47.389,4.6502300000000005,4.648520000000001,1200,1400
24.06.2024 06:34:50.193,4.65034,4.6486,900,600
24.06.2024 06:34:53.255,4.65026,4.64851,500,1100
24.06.2024 06:34:54.957,4.65026,4.64863,1300,1200
24.06.2024 06:34:58.118,4.65022,4.648530000000001,1300,1400
24.06.2024 06:35:06.137,4.65013,4.64837,600,700
24.06.2024 06:35:11.096,4.6500699999999995,4.64834,1000,1200
24.06.2024 06:35:13.901,4.649770000000001,4.64806,600,1200
24.06.2024 06:35:15.506,4.6496200000000005,4.64794,600,1400
24.06.2024 06:35:26.406,4.64965,4.647950000000001,400,500
24.06.2024 06:35:32.071,4.649570000000001,4.647900000000001,500,900
24.06.2024 06:35:37.936,4.649610000000001,4.648,700,1300
24.06.2024 06:35:38.788,4.649780000000001,4.648040000000001,1000,700
24.06.2024 06:35:49.610,4.649780000000001,4.64801,800,800
24.06.2024 06:35:56.829,4.6495500000000005,4.64781,500,1000
24.06.2024 06:35:56.931,4.6493899999999995,4.647660000000001,400,700
24.06.2024 06:35:57.534,4.64945,4.64779,600,1100
24.06.2024 06:35:57.885,4.6495299999999995,4.64783,900,600
24.06.2024 06:36:00.662,4.6495500000000005,4.6479099999999995,600,1200
24.06.2024 06:36:02.064,4.64953,4.6477900000000005,600,700
24.06.2024 06:36:03.718,4.649580000000001,4.64788,1400,1100
24.06.2024 06:36:09.080,4.649500000000001,4.6477900000000005,900,800
24.06.2024 06:36:19.504,4.64949,4.647819999999999,500,400
24.06.2024 06:36:30.229,4.64953,4.647880000000001,500,800
24.06.2024 06:36:30.280,4.649640000000001,4.647930000000001,1400,700
24.06.2024 06:36:33.396,4.649629999999999,4.64796,500,700
24.06.2024 06:36:40.961,4.6497399999999995,4.64808,600,1100
24.06.2024 06:36:50.984,4.649730000000001,4.64804,600,1000
24.06.2024 06:37:01.560,4.64971,4.648029999999999,900,400
24.06.2024 06:37:11.732,4.649750000000001,4.64806,1200,1100
24.06.2024 06:37:14.225,4.64975,4.64813,1200,500
24.06.2024 06:37:24.299,4.649780000000001,4.64818,1200,600
24.06.2024 06:37:32.870,4.649859999999999,4.6481900000000005,700,700
24.06.2024 06:37:33.422,4.64991,4.6482600000000005,1400,500
24.06.2024 06:37:38.183,4.65002,4.64836,900,1000
24.06.2024 06:37:38.435,4.6501,4.64844,900,500
24.06.2024 06:37:48.258,4.65018,4.648490000000001,400,1100
24.06.2024 06:37:49.511,4.6501,4.64837,600,1300
24.06.2024 06:37:53.632,4.64998,4.648350000000001,500,1100
24.06.2024 06:37:57.393,4.64994,4.6482,1000,1000
24.06.2024 06:37:58.347,4.64975,4.64814,1000,800
24.06.2024 06:38:06.416,4.64973,4.64811,600,1300
24.06.2024 06:38:15.738,4.64964,4.647950000000001,900,700
24.06.2024 06:38:16.041,4.64954,4.6478,1000,800
24.06.2024 06:38:16.241,4.64948,4.647799999999999,800,1300
24.06.2024 06:38:25.566,4.6492700000000005,4.64761,600,800
24.06.2024 06:38:29.575,4.649210000000001,4.647550000000001,900,500
24.06.2024 06:38:29.878,4.64916,4.64749,900,800
24.06.2024 06:38:30.079,4.64912,4.647430000000001,1000,400
24.06.2024 06:38:30.958,4.64918,4.647520000000001,900,600
24.06.2024 06:38:31.209,4.64928,4.64756,1000,1000
24.06.2024 06:38:33.416,4.649360000000001,4.647710000000001,700,1200
24.06.2024 06:38:36.222,4.64949,4.6477699999999995,700,1000
24.06.2024 06:38:46.245,4.64942,4.647820000000001,1400,600
24.06.2024 06:38:55.618,4.64957,4.64786,1100,600
24.06.2024 06:39:01.383,4.6497,4.648029999999999,700,600
24.06.2024 06:39:01.637,4.649660000000001,4.64796,600,900
24.06.2024 06:39:05.393,4.6495500000000005,4.64793,1200,1300
24.06.2024 06:39:10.906,4.64954,4.64783,800,500
24.06.2024 06:39:20.964,4.6494800000000005,4.64781,600,1200
24.06.2024 06:39:22.719,4.64958,4.64789,1300,1100
24.06.2024 06:39:29.387,4.649500000000001,4.647770000000001,500,800
24.06.2024 06:39:33.947,4.64953,4.64789,900,600
24.06.2024 06:39:42.368,4.649660000000001,4.647930000000001,1200,1300
24.06.2024 06:39:42.419,4.649710000000001,4.64801,400,800
24.06.2024 06:39:43.572,4.64959,4.647950000000001,800,1100
24.06.2024 06:39:44.223,4.649760000000001,4.64805,900,1400
24.06.2024 06:39:54.666,4.64976,4.6481,600,800
24.06.2024 06:40:00.082,4.64982,4.64813,400,1000
24.06.2024 06:40:00.133,4.64993,4.64824,1100,1300
24.06.2024 06:40:01.034,4.6501,4.648370000000001,1100,1200
24.06.2024 06:40:06.900,4.650180000000001,4.64851,1400,600
24.06.2024 06:40:14.219,4.650180000000001,4.64849,1300,700
24.06.2024 06:40:26.997,4.65023,4.6485,600,900
24.06.2024 06:40:31.570,4.65012,4.64847,1000,1000
24.06.2024 06:40:36.433,4.6499999999999995,4.64829,1100,700
24.06.2024 06:40:36.534,4.64989,4.6482,900,800
24.06.2024 06:40:39.742,4.64995,4.64829,800,900
24.06.2024 06:40:59.190,4.6500900000000005,4.64838,400,700
24.06.2024 06:41:04.802,4.650100000000001,4.64844,1200,600
24.06.2024 06:41:05.004,4.650180000000001,4.64855,1300,1200
24.06.2024 06:41:10.569,4.65026,4.648639999999999,1200,1000
24.06.2024 06:41:13.941,4.65041,4.64869,700,600
24.06.2024 06:41:25.116,4.650430000000001,4.648750000000001,700,800
24.06.2024 06:41:26.271,4.65051,4.648790000000001,400,1300
24.06.2024 06:41:36.692,4.65041,4.64878,1200,1000
24.06.2024 06:41:41.703,4.65036,4.6487099999999995,700,1400
24.06.2024 06:41:58.531,4.65043,4.64883,400,800
24.06.2024 06:41:58.782,4.65058,4.64886,700,400
24.06.2024 06:42:03.943,4.65071,4.6489400000000005,500,800
24.06.2024 06:42:04.546,4.65061,4.64891,600,600
24.06.2024 06:42:14.619,4.65054,4.64886,1100,1300
24.06.2024 06:42:24.894,4.65059,4.64893,1400,1300
24.06.2024 06:42:29.261,4.65062,4.648980000000001,700,1200
24.06.2024 06:42:39.585,4.65064,4.64893,1300,1200
24.06.2024 06:42:50.164,4.65071,4.64903,1200,1100
24.06.2024 06:42:57.281,4.650510000000001,4.64892,500,500
24.06.2024 06:42:59.789,4.650469999999999,4.648820000000001,800,500
24.06.2024 06:43:00.091,4.65028,4.64861,900,700
24.06.2024 06:43:05.114,4.65032,4.64873,1000,1200
24.06.2024 06:43:10.829,4.6505,4.648880000000001,700,1100
24.06.2024 06:43:10.880,4.65057,4.6489400000000005,900,400
24.06.2024 06:43:12.132,4.65045,4.64878,1000,1000
24.06.2024 06:43:12.182,4.65039,4.6487,800,500
24.06.2024 06:43:21.606,4.650430000000001,4.64876,700,700
24.06.2024 06:43:26.371,4.65034,4.648630000000001,1200,600
24.06.2024 06:43:30.230,4.650440000000001,4.64876,500,1300
24.06.2024 06:43:41.004,4.6504900000000005,4.64874,500,1200
24.06.2024 06:43:50.657,4.65038,4.6487,1300,600
24.06.2024 06:43:55.820,4.650170000000001,4.648490000000001,1300,900
24.06.2024 06:43:58.879,4.64996,4.64838,1200,1000
24.06.2024 06:43:59.130,4.64994,4.64825,600,1400
24.06.2024 06:44:00.734,4.6499,4.648210000000001,500,500
24.06.2024 06:44:04.491,4.64994,4.648280000000001,1200,1200
24.06.2024 06:44:20.078,4.64993,4.6483300000000005,1200,800
24.06.2024 06:44:30.967,4.6498800000000005,4.648280000000001,1300,800
24.06.2024 06:44:35.577,4.64996,4.64838,1400,400
24.06.2024 06:44:35.880,4.6500900000000005,4.64836,400,1200
24.06.2024 06:44:37.035,4.65012,4.6485199999999995,400,1000
24.06.2024 06:44:40.288,4.65001,4.64838,1000,1000
24.06.2024 06:44:40.490,4.65014,4.648490000000001,700,400
24.06.2024 06:44:42.698,4.65,4.64837,1200,400
24.06.2024 06:44:43.350,4.64997,4.64824,800,500
24.06.2024 06:44:46.404,4.650010000000001,4.64836,800,1400
24.06.2024 06:44:48.910,4.6501,4.648490000000001,1300,700
24.06.2024 06:44:48.963,4.650030000000001,4.6484000000000005,1100,800
24.06.2024 06:44:49.264,4.64993,4.64825,700,700
24.06.2024 06:44:56.125,4.6499,4.64816,1100,1300
24.06.2024 06:45:05.581,4.649990000000001,4.64836,400,1300
24.06.2024 06:45:05.835,4.65014,4.648429999999999,800,900
24.06.2024 06:45:08.388,4.650200000000001,4.64853,1400,1400
24.06.2024 06:45:10.692,4.65017,4.6484700000000005,700,1000
24.06.2024 06:45:10.893,4.6500699999999995,4.6484000000000005,800,900
24.06.2024 06:45:20.968,4.65013,4.64842,1200,400
24.06.2024 06:45:30.440,4.65025,4.64855,700,600
24.06.2024 06:45:32.446,4.65026,4.648650000000001,400,900
24.06.2024 06:45:36.303,4.650550000000001,4.64892,700,800
24.06.2024 06:45:36.354,4.65031,4.6487,600,1200
24.06.2024 06:45:40.615,4.65057,4.64899,800,1100
24.06.2024 06:45:41.819,4.6506799999999995,4.64904,700,500
24.06.2024 06:45:46.608,4.6504,4.64869,1000,700
24.06.2024 06:45:49.316,4.65028,4.64865,800,1100
24.06.2024 06:45:52.824,4.65033,4.6486,600,500
24.06.2024 06:45:56.031,4.650390000000001,4.64869,1000,1300
24.06.2024 06:45:57.035,4.6505,4.648750000000001,1000,500
24.06.2024 06:46:00.293,4.65036,4.6487,500,1000
24.06.2024 06:46:00.997,4.65057,4.64887,1100,600
24.06.2024 06:46:02.100,4.65069,4.649030000000001,600,1100
24.06.2024 06:46:02.203,4.650779999999999,4.64913,1000,1000
24.06.2024 06:46:02.304,4.65099,4.64924,1200,700
24.06.2024 06:46:03.607,4.65099,4.649350000000001,500,800
24.06.2024 06:46:14.123,4.6509599999999995,4.649320000000001,500,1100
24.06.2024 06:46:26.111,4.651020000000001,4.64935,500,800
24.06.2024 06:46:36.586,4.65104,4.649430000000001,600,1200
24.06.2024 06:46:39.142,4.65115,4.64946,900,700
24.06.2024 06:46:46.157,4.65104,4.64939,500,1100
24.06.2024 06:46:49.314,4.65103,4.64932,400,900
24.06.2024 06:46:59.567,4.65097,4.64935,1100,1100
24.06.2024 06:47:02.272,4.651079999999999,4.6494100000000005,600,800
24.06.2024 06:47:11.996,4.65116,4.64944,500,1200
24.06.2024 06:47:12.899,4.65109,4.64936,700,1100
24.06.2024 06:47:17.309,4.65093,4.64926,1000,800
24.06.2024 06:47:27.684,4.6509599999999995,4.64928,500,900
24.06.2024 06:47:31.944,4.651050000000001,4.64937,1200,1100
24.06.2024 06:47:42.933,4.65099,4.649310000000001,400,900
24.06.2024 06:47:50.253,4.6511000000000005,4.649380000000001,400,800
24.06.2024 06:47:50.355,4.6511700000000005,4.64949,1400,1100
24.06.2024 06:48:00.426,4.651140000000001,4.64945,1200,1100
24.06.2024 06:48:04.084,4.65124,4.64958,1000,800
24.06.2024 06:48:05.188,4.65131,4.649719999999999,1100,400
24.06.2024 06:48:05.439,4.65141,4.64978,1200,1100
24.06.2024 06:48:14.707,4.651529999999999,4.649830000000001,600,1300
24.06.2024 06:48:23.737,4.65149,4.64976,600,1100
24.06.2024 06:48:29.344,4.65134,4.64965,1400,700
24.06.2024 06:48:29.496,4.65115,4.64956,1000,900
24.06.2024 06:48:34.103,4.65111,4.6494100000000005,400,500
24.06.2024 06:48:34.154,4.65106,4.6493400000000005,800,1100
24.06.2024 06:48:34.355,4.65095,4.64925,900,1100
24.06.2024 06:48:34.558,4.65092,4.64921,1100,900
24.06.2024 06:48:34.711,4.650810000000001,4.64908,1300,600
24.06.2024 06:48:45.880,4.650830000000001,4.64906,1200,500
24.06.2024 06:48:56.135,4.6507700000000005,4.649100000000001,500,500
24.06.2024 06:49:00.096,4.65069,4.649,1100,700
24.06.2024 06:49:06.010,4.650740000000001,4.64903,1300,1000
24.06.2024 06:49:18.187,4.6508,4.64915,700,500
24.06.2024 06:49:30.065,4.65082,4.64907,1000,600
24.06.2024 06:49:32.955,4.65069,4.6490100000000005,700,900
24.06.2024 06:49:36.865,4.65084,4.64909,500,1200
24.06.2024 06:49:50.999,4.6509,4.649220000000001,1300,1000
24.06.2024 06:50:00.971,4.6509100000000005,4.649210000000001,1100,500
24.06.2024 06:50:03.227,4.651,4.64935,1200,600
24.06.2024 06:50:03.578,4.65089,4.64916,900,800
24.06.2024 06:50:04.182,4.65076,4.64903,700,400
24.06.2024 06:50:07.438,4.65089,4.649150000000001,900,1400
24.06.2024 06:50:14.582,4.65098,4.649299999999999,600,800
24.06.2024 06:50:14.834,4.651050000000001,4.64937,500,600
24.06.2024 06:50:26.159,4.65104,4.649380000000001,600,400
24.06.2024 06:50:28.418,4.65119,4.64947,900,1000
24.06.2024 06:50:28.619,4.6513,4.6496200000000005,1200,700
24.06.2024 06:50:38.540,4.6513100000000005,4.649640000000001,1100,900
24.06.2024 06:50:49.126,4.6512199999999995,4.64949,1100,1100
24.06.2024 06:50:56.544,4.651230000000001,4.64956,1100,500
24.06.2024 06:51:06.316,4.651129999999999,4.6495,1000,400
24.06.2024 06:51:16.556,4.6511700000000005,4.64952,1100,1100
24.06.2024 06:51:21.994,4.651260000000001,4.64961,400,800
24.06.2024 06:51:23.808,4.65127,4.64958,500,1300
24.06.2024 06:51:32.527,4.65114,4.649450000000001,500,900
24.06.2024 06:51:32.628,4.65104,4.6493400000000005,1000,1300
24.06.2024 06:51:32.880,4.65092,4.64927,1300,500
24.06.2024 06:51:39.542,4.65108,4.6494,1100,1000
24.06.2024 06:51:42.148,4.65116,4.649450000000001,600,1300
24.06.2024 06:51:53.538,4.6512199999999995,4.649470000000001,500,1100
24.06.2024 06:51:57.547,4.651280000000001,4.6496,500,1200
24.06.2024 06:52:00.305,4.651280000000001,4.64963,900,400
24.06.2024 06:52:01.558,4.6512400000000005,4.6495299999999995,800,1000
24.06.2024 06:52:11.736,4.65122,4.64958,600,400
24.06.2024 06:52:21.711,4.651220000000001,4.64956,900,1400
24.06.2024 06:52:31.040,4.65126,4.64961,700,1300
24.06.2024 06:52:39.006,4.65132,4.649710000000001,800,500
24.06.2024 06:52:39.208,4.6514500000000005,4.64979,400,1400
24.06.2024 06:52:42.766,4.65143,4.6496900000000005,500,1200
24.06.2024 06:52:47.673,4.65127,4.6496200000000005,900,500
24.06.2024 06:52:49.480,4.651420000000001,4.64977,400,600
24.06.2024 06:52:53.038,4.65138,4.64972,1100,1000
24.06.2024 06:53:08.706,4.65138,4.6497,1000,500
24.06.2024 06:53:09.710,4.651530000000001,4.649800000000001,900,500
24.06.2024 06:53:10.212,4.65155,4.64984,700,600
24.06.2024 06:53:10.414,4.6517100000000005,4.650030000000001,700,700
24.06.2024 06:53:20.988,4.6517,4.65006,500,900
24.06.2024 06:53:29.258,4.651730000000001,4.65013,500,1100
24.06.2024 06:53:39.935,4.65188,4.65023,900,1100
24.06.2024 06:53:44.364,4.65184,4.650110000000001,900,1400
24.06.2024 06:53:54.387,4.651870000000001,4.650200000000001,700,400
24.06.2024 06:54:04.462,4.65181,4.650180000000001,1100,1100
24.06.2024 06:54:07.469,4.65192,4.650250000000001,500,1300
24.06.2024 06:54:12.281,4.652,4.65035,1100,500
24.06.2024 06:54:14.035,4.651910000000001,4.65025,600,1400
24.06.2024 06:54:24.459,4.65194,4.65021,1200,1000
24.06.2024 06:54:24.910,4.65203,4.65033,800,900
24.06.2024 06:54:32.622,4.65193,4.65019,700,1200
24.06.2024 06:54:33.976,4.65187,4.6501600000000005,1200,1300
24.06.2024 06:54:35.731,4.65165,4.64999,700,900
24.06.2024 06:54:38.034,4.65174,4.6501399999999995,900,900
24.06.2024 06:54:48.010,4.65172,4.65006,500,1400
24.06.2024 06:54:59.235,4.6518,4.65005,800,800
24.06.2024 06:55:00.940,4.65183,4.65015,1200,700
24.06.2024 06:55:04.148,4.65179,4.65005,500,1300
24.06.2024 06:55:14.175,4.6518,4.65015,700,1000
24.06.2024 06:55:25.698,4.65194,4.65019,800,700
24.06.2024 06:55:35.720,4.6519900000000005,4.650320000000001,900,700
24.06.2024 06:55:44.593,4.6519900000000005,4.650340000000001,400,1100
24.06.2024 06:55:54.612,4.651890000000001,4.65022,500,400
24.06.2024 06:56:00.725,4.65184,4.65021,900,900
24.06.2024 06:56:00.828,4.65181,4.65008,1200,800
24.06.2024 06:56:02.332,4.65167,4.650060000000001,700,1400
24.06.2024 06:56:12.959,4.65179,4.650040000000001,1300,1000
24.06.2024 06:56:23.182,4.651800000000001,4.65007,400,900
24.06.2024 06:56:33.759,4.65172,4.650060000000001,400,1000
24.06.2024 06:56:39.022,4.65188,4.650150000000001,700,600
24.06.2024 06:56:43.082,4.65195,4.650200000000001,1100,900
24.06.2024 06:56:49.927,4.65204,4.65028,600,900
24.06.2024 06:56:59.400,4.651870000000001,4.65023,700,500
24.06.2024 06:57:04.912,4.65175,4.6500699999999995,1100,1300
24.06.2024 06:57:15.585,4.651820000000001,4.65012,1100,1000
24.06.2024 06:57:37.110,4.65189,4.65017,1200,1400
24.06.2024 06:57:41.721,4.65186,4.6502300000000005,900,700
24.06.2024 06:57:45.128,4.65198,4.6503000000000005,900,500
24.06.2024 06:57:50.339,4.65213,4.650379999999999,700,1000
24.06.2024 06:57:55.347,4.65204,4.65033,800,800
24.06.2024 06:57:56.500,4.651980000000001,4.6503000000000005,700,500
24.06.2024 06:58:00.138,4.65183,4.6501600000000005,700,900
24.06.2024 06:58:00.894,4.65191,4.65028,1000,1200
24.06.2024 06:58:07.857,4.65188,4.65019,1100,500
24.06.2024 06:58:18.126,4.65177,4.6501,500,1000
24.06.2024 06:58:30.054,4.65181,4.650170000000001,900,1200
24.06.2024 06:58:40.106,4.651700000000001,4.65001,500,600
24.06.2024 06:58:40.358,4.65153,4.64981,600,1100
24.06.2024 06:58:40.659,4.651440000000001,4.649719999999999,700,500
24.06.2024 06:58:43.514,4.651440000000001,4.64968,1000,1300
24.06.2024 06:58:54.088,4.65139,4.6496699999999995,700,800
24.06.2024 06:58:58.798,4.65125,4.64959,700,500
24.06.2024 06:59:00.754,4.651120000000001,4.64945,500,1200
24.06.2024 06:59:01.005,4.65111,4.6494100000000005,400,400
24.06.2024 06:59:02.107,4.6511499999999995,4.64942,700,600
24.06.2024 06:59:04.062,4.65117,4.64949,500,600
24.06.2024 06:59:06.280,4.65109,4.64942,600,1200
24.06.2024 06:59:10.188,4.65125,4.64954,1000,800
24.06.2024 06:59:13.149,4.65116,4.64951,1200,400
24.06.2024 06:59:23.216,4.65119,4.6494800000000005,1300,1200
24.06.2024 06:59:30.281,4.651260000000001,4.6496200000000005,700,1100
24.06.2024 06:59:34.239,4.65142,4.6496699999999995,500,600
24.06.2024 06:59:41.736,4.65129,4.649579999999999,600,800
24.06.2024 06:59:53.061,4.65129,4.64957,1300,800
24.06.2024 06:59:56.369,4.65133,4.649730000000001,1300,500
24.06.2024 06:59:59.524,4.65111,4.649430000000001,1100,1200
24.06.2024 06:59:59.626,4.65106,4.64941,500,1100
24.06.2024 07:00:01.882,4.65089,4.649230000000001,1300,700
24.06.2024 07:00:02.057,4.6509,4.64916,1300,1000
24.06.2024 07:00:03.410,4.6507700000000005,4.649150000000001,1100,700
24.06.2024 07:00:04.013,4.650880000000001,4.64921,1400,1300
24.06.2024 07:00:04.064,4.65101,4.64935,1300,500
24.06.2024 07:00:04.315,4.650920000000001,4.64918,1000,1300
24.06.2024 07:00:04.816,4.650950000000001,4.6493,800,1200
24.06.2024 07:00:05.217,4.65111,4.649430000000001,1100,600
24.06.2024 07:00:05.318,4.65121,4.6494800000000005,900,800
24.06.2024 07:00:06.170,4.651210000000001,4.64957,400,1300
24.06.2024 07:00:10.832,4.651280000000001,4.64961,800,1300
24.06.2024 07:00:11.884,4.65121,4.64952,1300,1300
24.06.2024 07:00:13.436,4.65127,4.649560000000001,1100,1200
24.06.2024 07:00:15.290,4.65135,4.64968,900,500
24.06.2024 07:00:15.641,4.65125,4.649640000000001,500,500
24.06.2024 07:00:25.743,4.65129,4.64958,700,800
24.06.2024 07:00:28.249,4.651190000000001,4.64953,900,1400
24.06.2024 07:00:31.857,4.65111,4.64948,1200,1300
24.06.2024 07:00:42.129,4.651129999999999,4.6494800000000005,1100,1100
24.06.2024 07:00:45.910,4.65126,4.649570000000001,600,1000
24.06.2024 07:00:46.060,4.65111,4.64946,600,900
24.06.2024 07:00:51.273,4.65099,4.64926,900,800
24.06.2024 07:01:01.296,4.651020000000001,4.64932,900,1400
24.06.2024 07:01:11.581,4.651,4.64935,900,1300
24.06.2024 07:01:21.554,4.65092,4.6492700000000005,600,800
24.06.2024 07:01:30.176,4.65087,4.64919,700,1100
24.06.2024 07:01:30.326,4.650799999999999,4.64904,800,700
24.06.2024 07:01:36.686,4.65074,4.64903,1100,600
24.06.2024 07:01:40.234,4.65057,4.64883,600,900
24.06.2024 07:01:48.002,4.65039,4.64876,700,1400
24.06.2024 07:01:48.705,4.65014,4.64853,400,1400
24.06.2024 07:01:49.558,4.650049999999999,4.64836,500,800
24.06.2024 07:01:50.011,4.649970000000001,4.64828,800,700
24.06.2024 07:01:50.662,4.64983,4.648140000000001,1100,1300
24.06.2024 07:01:50.863,4.64975,4.64804,400,900
24.06.2024 07:01:51.615,4.649800000000001,4.64813,1000,600
24.06.2024 07:01:53.068,4.6498800000000005,4.64817,700,700
24.06.2024 07:01:56.976,4.649800000000001,4.6481,600,1100
24.06.2024 07:01:57.226,4.649710000000001,4.64804,1000,800
24.06.2024 07:02:02.099,4.64986,4.6481900000000005,1100,500
24.06.2024 07:02:02.801,4.6498,4.6481200000000005,600,1000
24.06.2024 07:02:09.624,4.64973,4.64802,600,400
24.06.2024 07:02:09.975,4.64975,4.648070000000001,700,700
24.06.2024 07:02:12.331,4.64967,4.64804,1400,800
24.06.2024 07:02:16.288,4.64963,4.64792,500,1200
24.06.2024 07:02:21.197,4.64956,4.64784,900,800
24.06.2024 07:02:21.247,4.64944,4.6477900000000005,1400,1300
24.06.2024 07:02:22.601,4.6493400000000005,4.6476500000000005,600,600
24.06.2024 07:02:23.237,4.6492700000000005,4.6475,800,1400
24.06.2024 07:02:24.792,4.64928,4.64758,800,1200
24.06.2024 07:02:27.650,4.64944,4.64774,700,1200
24.06.2024 07:02:27.801,4.64949,4.64789,500,800
24.06.2024 07:02:32.110,4.64945,4.64786,500,400
24.06.2024 07:02:35.968,4.64938,4.647680000000001,1400,900
24.06.2024 07:02:41.028,4.6493,4.64755,900,1200
24.06.2024 07:02:41.329,4.64909,4.64743,500,500
24.06.2024 07:02:42.231,4.64933,4.64761,1100,800
24.06.2024 07:02:44.885,4.64942,4.6476999999999995,1000,500
24.06.2024 07:02:45.001,4.64946,4.64775,1300,700
24.06.2024 07:02:45.156,4.649570000000001,4.647850000000001,600,400
24.06.2024 07:02:55.075,4.64951,4.64783,800,400
24.06.2024 07:03:05.395,4.649520000000001,4.64783,1200,900
24.06.2024 07:03:07.952,4.64961,4.647900000000001,1000,1200
24.06.2024 07:03:18.540,4.64963,4.64799,1100,500
24.06.2024 07:03:19.895,4.64975,4.64809,1000,800
24.06.2024 07:03:21.500,4.64985,4.648110000000001,1300,800
24.06.2024 07:03:22.502,4.649710000000001,4.6481,700,500
24.06.2024 07:03:30.618,4.6496200000000005,4.64798,900,900
24.06.2024 07:03:30.870,4.64953,4.64788,600,1200
24.06.2024 07:03:36.079,4.64951,4.647819999999999,400,600
24.06.2024 07:03:41.090,4.64943,4.647760000000001,1200,600
24.06.2024 07:03:48.781,4.64937,4.64769,800,1200
24.06.2024 07:03:50.686,4.64924,4.64755,600,1000
24.06.2024 07:03:51.690,4.649150000000001,4.64743,1200,400
24.06.2024 07:03:52.442,4.64905,4.647379999999999,1400,1000
24.06.2024 07:03:52.543,4.6489199999999995,4.647270000000001,1200,1300
24.06.2024 07:03:52.693,4.64897,4.647310000000001,600,1200
24.06.2024 07:03:53.297,4.64911,4.6474,400,1200
24.06.2024 07:03:56.152,4.64916,4.647530000000001,500,500
24.06.2024 07:04:02.115,4.649100000000001,4.647380000000001,900,800
24.06.2024 07:04:05.322,4.649170000000001,4.647430000000001,1100,500
24.06.2024 07:04:06.324,4.64925,4.64755,700,600
24.06.2024 07:04:11.525,4.64934,4.647620000000001,1200,1300
24.06.2024 07:04:21.548,4.64931,4.64759,1200,700
24.06.2024 07:04:25.007,4.64938,4.6476299999999995,1100,500
24.06.2024 07:04:30.170,4.64942,4.6477,1200,1400
24.06.2024 07:04:40.293,4.649310000000001,4.64763,500,400
24.06.2024 07:04:51.009,4.64935,4.64764,500,800
24.06.2024 07:04:52.512,4.64924,4.6475800000000005,800,1300
24.06.2024 07:05:02.285,4.64937,4.6476500000000005,1400,900
24.06.2024 07:05:02.736,4.649430000000001,4.647760000000001,400,1000
24.06.2024 07:05:06.044,4.64951,4.64783,1100,1100
24.06.2024 07:05:06.296,4.649640000000001,4.64798,500,500
24.06.2024 07:05:06.597,4.64972,4.64799,600,1200
24.06.2024 07:05:06.948,4.64963,4.64795,1300,700
24.06.2024 07:05:09.044,4.64966,4.648070000000001,600,1100
24.06.2024 07:05:18.118,4.64963,4.64792,1200,700
24.06.2024 07:05:18.269,4.6494800000000005,4.647750000000001,600,500
24.06.2024 07:05:23.081,4.649590000000001,4.647880000000001,400,800
24.06.2024 07:05:23.232,4.64971,4.64798,600,1200
24.06.2024 07:05:24.935,4.649560000000001,4.64789,900,800
24.06.2024 07:05:36.680,4.6496,4.64795,900,1100
24.06.2024 07:05:37.987,4.6496200000000005,4.6479,1100,1200
24.06.2024 07:05:41.996,4.649520000000001,4.6478,900,900
24.06.2024 07:05:46.508,4.649430000000001,4.6478,1100,400
24.06.2024 07:05:52.771,4.6494800000000005,4.64776,1000,1100
24.06.2024 07:06:02.294,4.64959,4.64793,1300,1100
24.06.2024 07:06:02.595,4.6496699999999995,4.64803,1000,1200
24.06.2024 07:06:14.308,4.649730000000001,4.64796,600,500
24.06.2024 07:06:18.470,4.64963,4.64794,1100,1100
24.06.2024 07:06:18.520,4.64949,4.647810000000001,400,600
24.06.2024 07:06:21.527,4.64942,4.647679999999999,500,600
24.06.2024 07:06:29.345,4.6493,4.64763,1100,700
24.06.2024 07:06:30.001,4.649400000000001,4.64776,800,1200
24.06.2024 07:06:30.102,4.64953,4.6478,700,1300
24.06.2024 07:06:40.741,4.64951,4.64782,1300,1200
24.06.2024 07:06:49.216,4.64959,4.64791,600,800
24.06.2024 07:06:49.317,4.64968,4.64798,600,600
24.06.2024 07:06:49.518,4.6495999999999995,4.647920000000001,700,800
24.06.2024 07:06:52.174,4.64967,4.64801,700,700
24.06.2024 07:06:56.731,4.64966,4.64791,500,600
24.06.2024 07:06:56.984,4.64953,4.64778,800,1000
24.06.2024 07:07:01.692,4.64939,4.64771,700,700
24.06.2024 07:07:11.134,4.64944,4.64775,700,700
24.06.2024 07:07:21.509,4.64942,4.64771,1200,600
24.06.2024 07:07:23.716,4.6492700000000005,4.64767,1400,1300
24.06.2024 07:07:24.067,4.64925,4.64759,1300,500
24.06.2024 07:07:34.340,4.64924,4.64759,1300,800
24.06.2024 07:07:48.956,4.64924,4.64754,900,1100
24.06.2024 07:07:56.672,4.64941,4.64768,600,600
24.06.2024 07:08:02.286,4.64931,4.64763,1000,1300
24.06.2024 07:08:06.094,4.649220000000001,4.64759,900,1000
24.06.2024 07:08:07.793,4.64938,4.64762,400,1000
24.06.2024 07:08:07.844,4.64941,4.64781,800,1100
24.06.2024 07:08:10.299,4.649360000000001,4.64768,900,1200
24.06.2024 07:08:16.063,4.64928,4.64755,1000,1400
24.06.2024 07:08:17.114,4.6492,4.64749,600,1100
24.06.2024 07:08:17.967,4.649050000000001,4.64733,1100,1000
24.06.2024 07:08:19.473,4.64891,4.6472,900,700
24.06.2024 07:08:28.795,4.6488000000000005,4.647150000000001,1000,1200
24.06.2024 07:08:35.555,4.64894,4.64726,600,700
24.06.2024 07:08:41.003,4.64907,4.64736,600,600
24.06.2024 07:08:41.706,4.64906,4.647340000000001,700,800
24.06.2024 07:08:46.267,4.64913,4.647419999999999,1400,1100
24.06.2024 07:08:56.387,4.64905,4.647390000000001,600,1100
24.06.2024 07:09:00.799,4.64899,4.64729,600,700
24.06.2024 07:09:00.950,4.6489400000000005,4.6473,800,800
24.06.2024 07:09:02.003,4.649039999999999,4.64738,500,1000
24.06.2024 07:09:02.204,4.64914,4.6474,600,1300
24.06.2024 07:09:07.596,4.649070000000001,4.64733,700,1100
24.06.2024 07:09:12.054,4.6489,4.64727,1400,800
24.06.2024 07:09:12.254,4.64886,4.64715,500,600
24.06.2024 07:09:13.007,4.648930000000001,4.64723,500,1100
24.06.2024 07:09:23.179,4.6489,4.64719,700,1300
24.06.2024 07:09:26.887,4.64901,4.64728,400,500
24.06.2024 07:09:36.978,4.649,4.64727,700,1000
24.06.2024 07:09:37.381,4.6488700000000005,4.64717,600,1100
24.06.2024 07:09:48.104,4.64896,4.64724,500,900
24.06.2024 07:09:49.257,4.6489899999999995,4.6473,700,800
24.06.2024 07:09:59.435,4.64903,4.647340000000001,1300,1300
24.06.2024 07:10:03.543,4.6490100000000005,4.64735,1000,1200
24.06.2024 07:10:08.451,4.64909,4.647390000000001,600,1200
24.06.2024 07:10:08.578,4.64921,4.64747,500,1100
24.06.2024 07:10:11.786,4.64905,4.64743,1200,500
24.06.2024 07:10:14.440,4.6490100000000005,4.647320000000001,1100,1100
24.06.2024 07:10:18.451,4.64896,4.647279999999999,1300,700
24.06.2024 07:10:18.552,4.64892,4.6472500000000005,1200,500
24.06.2024 07:10:23.414,4.648770000000001,4.64713,700,900
24.06.2024 07:10:34.542,4.648720000000001,4.64702,400,400
24.06.2024 07:10:43.600,4.64878,4.647130000000001,1000,1000
24.06.2024 07:10:46.809,4.64871,4.64696,1200,800
24.06.2024 07:10:48.263,4.6488000000000005,4.64708,1200,400
24.06.2024 07:10:51.972,4.64892,4.6471800000000005,1100,1300
24.06.2024 07:10:53.175,4.64882,4.64719,1000,800
24.06.2024 07:11:01.142,4.6489,4.64721,1000,1100
24.06.2024 07:11:04.148,4.64899,4.647340000000001,600,1000
24.06.2024 07:11:04.250,4.64902,4.6474,500,1100
24.06.2024 07:11:04.754,4.64911,4.64748,900,500
24.06.2024 07:11:05.165,4.64918,4.64749,900,1100
24.06.2024 07:11:10.127,4.6492700000000005,4.647590000000001,1000,700
24.06.2024 07:11:10.278,4.64936,4.64771,700,1400
24.06.2024 07:11:10.881,4.649430000000001,4.64776,700,400
24.06.2024 07:11:15.237,4.64956,4.64784,1200,800
24.06.2024 07:11:16.991,4.64965,4.647970000000001,500,1300
24.06.2024 07:11:18.645,4.649760000000001,4.64803,700,1300
24.06.2024 07:11:21.198,4.649590000000001,4.64792,400,500
24.06.2024 07:11:25.458,4.649760000000001,4.648020000000001,1200,1400
24.06.2024 07:11:36.711,4.64981,4.64814,1300,500
24.06.2024 07:11:39.968,4.6496900000000005,4.6480500000000005,1300,1400
24.06.2024 07:11:48.740,4.64962,4.64792,1000,600
24.06.2024 07:11:52.348,4.6496900000000005,4.64806,1100,800
24.06.2024 07:11:59.814,4.649820000000001,4.64813,800,1100
24.06.2024 07:12:02.697,4.64985,4.648200000000001,1000,400
24.06.2024 07:12:02.902,4.64981,4.64808,800,1300
24.06.2024 07:12:03.353,4.64966,4.6480500000000005,1000,900
24.06.2024 07:12:05.260,4.64961,4.6479,800,1000
24.06.2024 07:12:05.911,4.64952,4.64785,1200,1300
24.06.2024 07:12:14.477,4.64947,4.647799999999999,1200,700
24.06.2024 07:12:17.281,4.649380000000001,4.647670000000001,600,1100
24.06.2024 07:12:31.262,4.64944,4.6477900000000005,1100,800
24.06.2024 07:12:31.363,4.64951,4.64785,1300,1100
24.06.2024 07:12:41.350,4.649380000000001,4.64771,500,800
24.06.2024 07:12:48.468,4.649500000000001,4.647880000000001,1200,400
24.06.2024 07:13:01.197,4.6496,4.647950000000001,600,1300
24.06.2024 07:13:20.323,4.64965,4.64801,400,1000
24.06.2024 07:13:25.384,4.6496900000000005,4.648020000000001,600,1100
24.06.2024 07:13:31.012,4.649630000000001,4.647950000000001,500,400
24.06.2024 07:13:40.330,4.64951,4.647900000000001,1200,600
24.06.2024 07:13:47.430,4.6496,4.64793,1200,800
24.06.2024 07:13:58.856,4.6496200000000005,4.64791,700,1100
24.06.2024 07:14:04.019,4.64952,4.647810000000001,1100,800
24.06.2024 07:14:14.806,4.64953,4.6479099999999995,1000,600
24.06.2024 07:14:18.165,4.649470000000001,4.6478399999999995,900,1200
24.06.2024 07:14:18.215,4.64944,4.64771,1200,1200
24.06.2024 07:14:20.068,4.649360000000001,4.64768,600,400
24.06.2024 07:14:23.979,4.649210000000001,4.64755,900,900
24.06.2024 07:14:24.130,4.64907,4.647420000000001,800,700
24.06.2024 07:14:35.153,4.64907,4.6474,600,1200
24.06.2024 07:14:44.708,4.64901,4.647349999999999,1200,800
24.06.2024 07:14:50.571,4.648899999999999,4.64723,600,600
24.06.2024 07:14:59.841,4.649030000000001,4.64732,400,800
24.06.2024 07:15:00.294,4.64906,4.64742,1100,1300
24.06.2024 07:15:10.508,4.649050000000001,4.6473700000000004,1100,1400
24.06.2024 07:15:20.984,4.6490800000000005,4.64738,900,1200
24.06.2024 07:15:22.137,4.64905,4.64729,1300,600
24.06.2024 07:15:22.489,4.64897,4.64729,700,1200
24.06.2024 07:15:25.296,4.64902,4.64734,500,1100
24.06.2024 07:15:28.202,4.649150000000001,4.64745,400,1000
24.06.2024 07:15:32.220,4.649179999999999,4.64756,1300,900
24.06.2024 07:15:38.836,4.649350000000001,4.647670000000001,1000,500
24.06.2024 07:15:39.287,4.64944,4.647730000000001,500,1400
24.06.2024 07:15:49.710,4.64951,4.6478600000000005,1400,500
24.06.2024 07:15:55.625,4.64961,4.647959999999999,500,600
24.06.2024 07:15:55.830,4.649780000000001,4.64811,1300,1400
24.06.2024 07:16:03.787,4.64964,4.6479099999999995,800,1000
24.06.2024 07:16:07.796,4.64977,4.64804,700,1000
24.06.2024 07:16:19.171,4.64975,4.6480500000000005,600,700
24.06.2024 07:16:21.275,4.64979,4.64815,1300,1200
24.06.2024 07:16:22.880,4.649730000000001,4.648020000000001,500,1000
24.06.2024 07:16:26.952,4.64962,4.64796,1300,1100
24.06.2024 07:16:31.727,4.64946,4.64784,1300,1100
24.06.2024 07:16:38.289,4.64937,4.64772,700,1300
24.06.2024 07:16:43.499,4.64933,4.647670000000001,600,400
24.06.2024 07:17:07.077,4.64932,4.64769,600,1300
24.06.2024 07:17:08.531,4.64952,4.64785,800,900
24.06.2024 07:17:08.633,4.649629999999999,4.64797,600,900
24.06.2024 07:17:08.684,4.64959,4.64792,1100,1200
24.06.2024 07:17:11.088,4.6495500000000005,4.647870000000001,1000,1200
24.06.2024 07:17:11.791,4.649570000000001,4.64791,600,1300
24.06.2024 07:17:11.942,4.6495500000000005,4.6478,1300,700
24.06.2024 07:17:14.794,4.64937,4.64777,800,500
24.06.2024 07:17:16.000,4.64951,4.647820000000001,1300,900
24.06.2024 07:17:21.739,4.64939,4.64775,1300,900
24.06.2024 07:17:27.352,4.6493400000000005,4.647600000000001,600,700
24.06.2024 07:17:32.867,4.6492700000000005,4.647600000000001,900,1200
24.06.2024 07:17:34.821,4.64929,4.64763,1200,1300
24.06.2024 07:17:41.586,4.649470000000001,4.64773,1300,800
24.06.2024 07:17:51.006,4.64954,4.6478,1400,1200
24.06.2024 07:17:55.447,4.64964,4.647930000000001,1100,1000
24.06.2024 07:17:55.999,4.649720000000001,4.648000000000001,500,700
24.06.2024 07:17:56.100,4.64973,4.648040000000001,700,500
24.06.2024 07:17:57.755,4.64967,4.64801,600,1100
24.06.2024 07:17:59.961,4.649830000000001,4.64813,1300,1200
24.06.2024 07:18:01.668,4.649679999999999,4.6479800000000004,1100,1200
24.06.2024 07:18:07.630,4.64978,4.6481,1000,1300
24.06.2024 07:18:12.189,4.649680000000001,4.648040000000001,800,600
24.06.2024 07:18:23.149,4.649640000000001,4.64799,800,600
24.06.2024 07:18:30.822,4.6498099999999996,4.6481200000000005,1100,1200
24.06.2024 07:18:40.993,4.649770000000001,4.64812,500,1000
24.06.2024 07:18:48.208,4.64996,4.64825,1400,500
24.06.2024 07:18:48.409,4.649890000000001,4.6481900000000005,900,400
24.06.2024 07:18:51.113,4.64996,4.64831,600,500
24.06.2024 07:18:51.314,4.6499,4.648180000000001,1300,400
24.06.2024 07:18:52.610,4.64997,4.64824,1100,1400
24.06.2024 07:18:57.323,4.65007,4.64836,700,900
24.06.2024 07:19:01.433,4.649970000000001,4.648250000000001,500,1300
24.06.2024 07:19:06.346,4.64982,4.64822,1300,1200
24.06.2024 07:19:06.447,4.64982,4.64816,700,1000
24.06.2024 07:19:08.301,4.64967,4.64799,700,1200
24.06.2024 07:19:09.354,4.64975,4.6480500000000005,1100,1000
24.06.2024 07:19:11.160,4.649680000000001,4.648029999999999,1400,1100
24.06.2024 07:19:21.983,4.649590000000001,4.64794,800,500
24.06.2024 07:19:28.725,4.64956,4.64782,1100,500
24.06.2024 07:19:38.746,4.64945,4.64785,1200,900
24.06.2024 07:19:42.804,4.64943,4.64769,900,400
24.06.2024 07:19:48.717,4.649260000000001,4.64764,900,1100
24.06.2024 07:19:49.770,4.649170000000001,4.64754,900,400
24.06.2024 07:19:59.766,4.64925,4.647500000000001,400,700
24.06.2024 07:20:00.721,4.64939,4.64765,1400,1400
24.06.2024 07:20:21.364,4.649360000000001,4.64768,800,900
24.06.2024 07:20:27.208,4.649190000000001,4.64754,1000,1000
24.06.2024 07:20:36.740,4.649360000000001,4.647690000000001,900,1100
24.06.2024 07:20:41.050,4.6494100000000005,4.64771,900,1100
24.06.2024 07:20:51.224,4.64946,4.6477200000000005,600,1000
24.06.2024 07:20:59.760,4.64952,4.64783,1200,1100
24.06.2024 07:21:00.111,4.649580000000001,4.647950000000001,400,1200
24.06.2024 07:21:00.462,4.6496900000000005,4.648040000000001,1200,1000
24.06.2024 07:21:10.684,4.649730000000001,4.6480500000000005,1300,1200
24.06.2024 07:21:12.937,4.649830000000001,4.6481200000000005,800,700
24.06.2024 07:21:13.039,4.64991,4.64827,500,1100
24.06.2024 07:21:14.997,4.65001,4.64836,1100,500
24.06.2024 07:21:15.548,4.649890000000001,4.648180000000001,1300,700
24.06.2024 07:21:25.618,4.64992,4.64815,1000,500
24.06.2024 07:21:31.543,4.64981,4.64814,400,1300
24.06.2024 07:21:31.693,4.64965,4.6480500000000005,1200,800
24.06.2024 07:21:41.712,4.649730000000001,4.64805,1200,600
24.06.2024 07:21:46.623,4.64966,4.64796,900,900
24.06.2024 07:21:46.824,4.649590000000001,4.64794,1000,800
24.06.2024 07:22:04.503,4.6495,4.64785,700,1200
24.06.2024 07:22:04.755,4.6493400000000005,4.64763,1200,600
24.06.2024 07:22:13.675,4.649500000000001,4.647800000000001,1200,1200
24.06.2024 07:22:13.875,4.649540000000001,4.64792,600,700
24.06.2024 07:22:24.111,4.64949,4.64786,800,600
24.06.2024 07:22:36.793,4.64951,4.647889999999999,700,1100
24.06.2024 07:22:44.714,4.649450000000001,4.64774,700,900
24.06.2024 07:22:46.068,4.649490000000001,4.64784,900,800
24.06.2024 07:22:53.684,4.64958,4.64787,1200,800
24.06.2024 07:22:54.186,4.649650000000001,4.64796,600,1100
24.06.2024 07:22:56.769,4.64982,4.64808,1300,900
24.06.2024 07:23:05.039,4.6499500000000005,4.64826,500,600
24.06.2024 07:23:10.049,4.649979999999999,4.64829,900,1100
24.06.2024 07:23:10.605,4.6499500000000005,4.64829,1400,1100
24.06.2024 07:23:19.871,4.65006,4.6483300000000005,500,500
24.06.2024 07:23:26.094,4.6500900000000005,4.64838,600,1000
24.06.2024 07:23:26.146,4.650200000000001,4.648540000000001,1000,600
24.06.2024 07:23:27.551,4.65028,4.648610000000001,600,400
24.06.2024 07:23:38.627,4.65037,4.6488000000000005,1200,1100
24.06.2024 07:23:41.383,4.65042,4.64873,1100,800
24.06.2024 07:23:51.554,4.65052,4.64884,1100,1200
24.06.2024 07:24:01.616,4.650510000000001,4.64884,400,600
24.06.2024 07:24:07.125,4.650370000000001,4.64876,600,600
24.06.2024 07:24:17.149,4.650399999999999,4.648720000000001,800,1100
24.06.2024 07:24:27.473,4.65038,4.64874,1100,500
24.06.2024 07:24:32.183,4.650440000000001,4.648840000000001,400,1100
24.06.2024 07:24:42.359,4.6504900000000005,4.64881,800,1000
24.06.2024 07:24:45.464,4.65033,4.648670000000001,700,800
24.06.2024 07:24:47.769,4.6502300000000005,4.64862,1200,1300
24.06.2024 07:24:51.079,4.650180000000001,4.6485199999999995,500,400
24.06.2024 07:24:56.942,4.65015,4.64845,1300,1000
24.06.2024 07:24:57.246,4.649990000000001,4.64837,1200,500
24.06.2024 07:25:03.513,4.650030000000001,4.64832,600,700
24.06.2024 07:25:04.115,4.64992,4.64824,1200,1300
24.06.2024 07:25:09.084,4.64998,4.64833,1100,400
24.06.2024 07:25:11.391,4.65012,4.6484000000000005,1000,500
24.06.2024 07:25:16.656,4.6502300000000005,4.6484700000000005,400,600
24.06.2024 07:25:18.211,4.65029,4.6486600000000005,900,1400
24.06.2024 07:25:21.719,4.65037,4.6487,600,600
24.06.2024 07:25:23.473,4.65042,4.6487300000000005,1000,800
24.06.2024 07:25:29.938,4.6505,4.64882,600,1400
24.06.2024 07:25:40.438,4.6505600000000005,4.648840000000001,1300,600
24.06.2024 07:25:50.412,4.65059,4.648890000000001,1100,1300
24.06.2024 07:25:59.939,4.65066,4.648930000000001,700,1200
24.06.2024 07:26:10.722,4.6506799999999995,4.64902,700,500
24.06.2024 07:26:10.823,4.65081,4.64913,1200,900
24.06.2024 07:26:20.997,4.65078,4.64913,900,1100
24.06.2024 07:26:29.466,4.65088,4.64921,700,1300
24.06.2024 07:26:29.619,4.650980000000001,4.64922,1100,1200
24.06.2024 07:26:29.822,4.65084,4.64921,800,1200
24.06.2024 07:26:31.482,4.650950000000001,4.64927,900,900
24.06.2024 07:26:31.632,4.65101,4.64935,1300,800
24.06.2024 07:26:31.683,4.65114,4.64945,700,800
24.06.2024 07:26:36.290,4.651230000000001,4.64957,900,800
24.06.2024 07:26:36.341,4.65136,4.649650000000001,600,600
24.06.2024 07:26:40.466,4.65146,4.64975,1000,600
24.06.2024 07:26:47.529,4.6513800000000005,4.6496200000000005,600,1000
24.06.2024 07:26:50.986,4.65126,4.6495299999999995,1400,800
24.06.2024 07:26:51.238,4.651140000000001,4.6495,800,900
24.06.2024 07:26:53.041,4.65121,4.6496200000000005,1200,1000
24.06.2024 07:27:03.166,4.65121,4.64953,1300,1200
24.06.2024 07:27:04.170,4.651110000000001,4.64944,1100,1000
24.06.2024 07:27:05.022,4.651260000000001,4.64954,700,400
24.06.2024 07:27:07.605,4.6511700000000005,4.649450000000001,800,600
24.06.2024 07:27:13.823,4.65103,4.6494,1200,1300
24.06.2024 07:27:13.874,4.65097,4.649360000000001,800,500
24.06.2024 07:27:16.078,4.651090000000001,4.64944,900,400
24.06.2024 07:27:16.128,4.6511700000000005,4.64951,600,600
24.06.2024 07:27:22.991,4.65127,4.649520000000001,900,700
24.06.2024 07:27:25.251,4.6513,4.6496200000000005,600,500
24.06.2024 07:27:25.903,4.6513800000000005,4.64968,700,1000
24.06.2024 07:27:27.055,4.65127,4.64965,700,900
24.06.2024 07:27:29.058,4.6512,4.649540000000001,1400,900
24.06.2024 07:27:36.790,4.65125,4.64961,1000,600
24.06.2024 07:27:42.451,4.6514500000000005,4.64975,1000,800
24.06.2024 07:27:53.778,4.651400000000001,4.649780000000001,700,700
24.06.2024 07:28:01.244,4.65136,4.6496699999999995,900,1100
24.06.2024 07:28:01.496,4.6513,4.649630000000001,1300,1200
24.06.2024 07:28:01.833,4.65112,4.64951,1300,500
24.06.2024 07:28:14.763,4.651230000000001,4.64946,1000,800
24.06.2024 07:28:16.066,4.651070000000001,4.64939,600,600
24.06.2024 07:28:16.267,4.651009999999999,4.6493400000000005,700,800
24.06.2024 07:28:18.320,4.65094,4.649290000000001,1300,1100
24.06.2024 07:28:22.231,4.651000000000001,4.64932,1100,1100
24.06.2024 07:28:29.146,4.650930000000001,4.64933,800,900
24.06.2024 07:28:29.900,4.65089,4.649190000000001,900,400
24.06.2024 07:28:34.482,4.65084,4.64911,1200,1000
24.06.2024 07:28:35.535,4.65071,4.6490100000000005,1300,700
24.06.2024 07:28:35.585,4.650779999999999,4.64918,1000,800
24.06.2024 07:28:46.709,4.650820000000001,4.649100000000001,1400,1000
24.06.2024 07:28:56.981,4.65095,4.64919,1300,600
24.06.2024 07:28:57.234,4.65099,4.649360000000001,1200,900
24.06.2024 07:28:59.265,4.6511700000000005,4.64949,700,700
24.06.2024 07:29:00.072,4.65109,4.64939,1000,1100
24.06.2024 07:29:00.773,4.650980000000001,4.649290000000001,1100,500
24.06.2024 07:29:10.990,4.65101,4.64932,1300,600
24.06.2024 07:29:14.903,4.65084,4.6491999999999996,1100,500
24.06.2024 07:29:14.953,4.650740000000001,4.6490800000000005,1300,700
24.06.2024 07:29:20.111,4.65069,4.64899,800,600
24.06.2024 07:29:28.178,4.65085,4.649150000000001,600,1000
24.06.2024 07:29:28.881,4.650860000000001,4.649240000000001,1000,1400
24.06.2024 07:29:33.834,4.650980000000001,4.64926,1100,900
24.06.2024 07:29:38.748,4.650880000000001,4.64913,800,1200
24.06.2024 07:29:45.819,4.6508199999999995,4.64908,1100,1000
24.06.2024 07:29:45.870,4.65067,4.64895,1200,500
24.06.2024 07:29:50.179,4.650600000000001,4.64886,700,400
24.06.2024 07:29:56.490,4.65066,4.64896,1200,1300
24.06.2024 07:30:00.291,4.65072,4.649,900,600
24.06.2024 07:30:00.393,4.65082,4.6491299999999995,500,1000
24.06.2024 07:30:06.959,4.65071,4.64906,1200,1400
24.06.2024 07:30:07.010,4.65064,4.64893,1300,700
24.06.2024 07:30:28.007,4.65058,4.64897,1100,1300
24.06.2024 07:30:40.207,4.650670000000001,4.64893,500,900
24.06.2024 07:30:40.258,4.65049,4.64878,500,1200
24.06.2024 07:30:40.509,4.65015,4.648490000000001,1400,500
24.06.2024 07:30:41.711,4.64999,4.64834,500,1100
24.06.2024 07:30:42.564,4.64996,4.64824,800,1300
24.06.2024 07:30:43.566,4.64985,4.6481900000000005,600,1400
24.06.2024 07:30:56.997,4.64987,4.64814,400,1000
24.06.2024 07:31:07.010,4.64984,4.64818,600,700
24.06.2024 07:31:07.962,4.64999,4.648280000000001,1400,1100
24.06.2024 07:31:08.465,4.64987,4.64816,1000,1200
24.06.2024 07:31:11.720,4.64998,4.64823,900,1200
24.06.2024 07:31:22.246,4.64994,4.64825,800,700
24.06.2024 07:31:22.599,4.65012,4.64838,1000,1300
24.06.2024 07:31:22.649,4.65016,4.648499999999999,600,700
24.06.2024 07:31:22.800,4.6502799999999995,4.64864,400,600
24.06.2024 07:31:23.403,4.650270000000001,4.64855,1100,700
24.06.2024 07:31:30.760,4.650340000000001,4.6487,900,900
24.06.2024 07:31:31.017,4.65046,4.64876,1200,800
24.06.2024 07:31:31.318,4.650330000000001,4.64862,500,800
24.06.2024 07:31:33.272,4.65043,4.64874,1300,900
24.06.2024 07:31:44.396,4.65035,4.648700000000001,1200,1300
24.06.2024 07:31:46.653,4.650450000000001,4.6488000000000005,500,1100
24.06.2024 07:31:57.327,4.65048,4.64882,600,400
24.06.2024 07:32:00.146,4.65057,4.64891,1000,1300
24.06.2024 07:32:10.173,4.65058,4.64887,400,1100
24.06.2024 07:32:12.979,4.6504199999999996,4.648820000000001,700,500
24.06.2024 07:32:15.185,4.65052,4.64888,800,900
24.06.2024 07:32:16.993,4.65058,4.6489400000000005,1300,800
24.06.2024 07:32:24.808,4.65066,4.64906,900,1300
24.06.2024 07:32:34.863,4.65066,4.64904,1000,1100
24.06.2024 07:32:41.780,4.6507700000000005,4.64906,1000,800
24.06.2024 07:32:41.831,4.650860000000001,4.6492,1400,700
24.06.2024 07:32:51.101,4.650729999999999,4.64915,1100,1100
24.06.2024 07:33:00.175,4.650670000000001,4.64898,600,1300
24.06.2024 07:33:00.728,4.65057,4.6489400000000005,500,1000
24.06.2024 07:33:00.778,4.6504900000000005,4.648840000000001,600,900
24.06.2024 07:33:00.879,4.650420000000001,4.648750000000001,1300,400
24.06.2024 07:33:06.019,4.650330000000001,4.64867,1100,800
24.06.2024 07:33:06.075,4.65022,4.648580000000001,1100,1300
24.06.2024 07:33:10.132,4.65015,4.64855,1000,1400
24.06.2024 07:33:18.345,4.65015,4.64846,800,700
24.06.2024 07:33:27.810,4.6502300000000005,4.648550000000001,900,1000
24.06.2024 07:33:39.891,4.65022,4.648529999999999,800,1200
24.06.2024 07:33:46.206,4.65033,4.64863,1200,900
24.06.2024 07:33:46.458,4.65039,4.6487300000000005,800,1300
24.06.2024 07:33:51.321,4.6505,4.64881,900,800
24.06.2024 07:33:53.226,4.65044,4.6487300000000005,600,800
24.06.2024 07:33:55.682,4.65026,4.6486,900,600
24.06.2024 07:33:59.889,4.650180000000001,4.64846,1100,800
24.06.2024 07:34:04.323,4.65026,4.64858,1000,900
24.06.2024 07:34:11.383,4.6500900000000005,4.64841,700,500
24.06.2024 07:34:11.484,4.6499,4.648300000000001,1400,900
24.06.2024 07:34:11.535,4.64987,4.6482,500,900
24.06.2024 07:34:12.887,4.64978,4.64811,1200,600
24.06.2024 07:34:18.250,4.64961,4.64799,600,700
24.06.2024 07:34:18.902,4.6495500000000005,4.64791,500,600
24.06.2024 07:34:19.203,4.6494599999999995,4.64776,1000,900
24.06.2024 07:34:19.405,4.64939,4.64762,1100,900
24.06.2024 07:34:23.864,4.649240000000001,4.64758,1100,800
24.06.2024 07:34:27.957,4.64911,4.64741,1400,500
24.06.2024 07:34:29.110,4.64907,4.647380000000001,700,1000
24.06.2024 07:34:32.168,4.6489,4.64723,900,1400
24.06.2024 07:34:35.772,4.64877,4.647060000000001,500,800
24.06.2024 07:34:36.975,4.64873,4.6470400000000005,1200,600
24.06.2024 07:34:41.538,4.64858,4.64689,900,800
24.06.2024 07:34:48.753,4.64855,4.64688,600,1100
24.06.2024 07:34:49.655,4.64858,4.64691,900,400
24.06.2024 07:34:51.510,4.64871,4.64704,1300,1300
24.06.2024 07:34:52.362,4.64885,4.6471599999999995,900,500
24.06.2024 07:34:52.865,4.64885,4.64721,1100,600
24.06.2024 07:34:52.915,4.64902,4.64737,1300,800
24.06.2024 07:34:55.151,4.64913,4.64743,1000,800
24.06.2024 07:34:57.158,4.649070000000001,4.64731,1400,800
24.06.2024 07:35:00.014,4.64899,4.64729,800,800
24.06.2024 07:35:00.115,4.64901,4.647349999999999,600,1000
24.06.2024 07:35:01.972,4.648910000000001,4.647279999999999,1300,1000
24.06.2024 07:35:03.825,4.64883,4.6471800000000005,1100,700
24.06.2024 07:35:04.728,4.64871,4.647060000000001,500,700
24.06.2024 07:35:05.530,4.64887,4.64712,800,1200
24.06.2024 07:35:13.495,4.649,4.64733,900,600
24.06.2024 07:35:13.596,4.649100000000001,4.64737,800,700
24.06.2024 07:35:24.352,4.6490100000000005,4.647399999999999,900,1100
24.06.2024 07:35:29.064,4.64898,4.647290000000001,400,900
24.06.2024 07:35:32.072,4.64885,4.647150000000001,1100,1300
24.06.2024 07:35:32.322,4.64881,4.64713,1300,1300
24.06.2024 07:35:33.124,4.64868,4.647,600,1400
24.06.2024 07:35:34.878,4.648770000000001,4.64714,1300,1200
24.06.2024 07:35:40.993,4.6487,4.646990000000001,1300,1100
24.06.2024 07:35:44.738,4.64865,4.64695,900,600
24.06.2024 07:35:54.212,4.64854,4.64689,1300,400
24.06.2024 07:36:00.124,4.64862,4.64693,1200,1200
24.06.2024 07:36:06.689,4.64871,4.64701,1400,600
24.06.2024 07:36:08.744,4.6484499999999995,4.64677,400,600
24.06.2024 07:36:12.614,4.648530000000001,4.64683,500,800
24.06.2024 07:36:13.215,4.64846,4.64672,500,1400
24.06.2024 07:36:17.825,4.64831,4.64655,1300,1200
24.06.2024 07:36:17.927,4.64823,4.64656,700,900
24.06.2024 07:36:18.331,4.6483300000000005,4.6466199999999995,500,1000
24.06.2024 07:36:19.082,4.64842,4.6468,600,900
24.06.2024 07:36:19.433,4.648490000000001,4.646780000000001,700,800
24.06.2024 07:36:20.536,4.64862,4.64688,700,1000
24.06.2024 07:36:21.738,4.64865,4.64707,1300,1400
24.06.2024 07:36:21.789,4.64878,4.64712,700,400
24.06.2024 07:36:31.658,4.6485199999999995,4.6469,1300,1300
24.06.2024 07:36:31.708,4.64838,4.6467,600,1300
24.06.2024 07:36:32.271,4.64827,4.64658,600,500
24.06.2024 07:36:32.922,4.64818,4.64649,1200,900
24.06.2024 07:36:35.626,4.648210000000001,4.64658,600,1400
24.06.2024 07:36:39.374,4.6483,4.64667,800,1200
24.06.2024 07:36:43.486,4.6482600000000005,4.64658,500,600
24.06.2024 07:36:47.947,4.6481,4.64647,400,1200
24.06.2024 07:36:49.451,4.648280000000001,4.6466,1100,1000
24.06.2024 07:36:52.509,4.6481200000000005,4.64647,800,1300
24.06.2024 07:36:52.761,4.64801,4.64639,1100,1200
24.06.2024 07:37:02.685,4.64807,4.646420000000001,1000,500
24.06.2024 07:37:03.719,4.64801,4.646319999999999,700,800
24.06.2024 07:37:05.275,4.648079999999999,4.646380000000001,400,1400
24.06.2024 07:37:08.232,4.64802,4.646260000000001,1200,700
24.06.2024 07:37:10.340,4.64787,4.6462200000000005,800,900
24.06.2024 07:37:10.441,4.64779,4.6461,1400,800
24.06.2024 07:37:20.964,4.6478,4.646170000000001,600,500
24.06.2024 07:37:27.078,4.64773,4.64605,500,400
24.06.2024 07:37:27.882,4.64762,4.646,1400,1200
24.06.2024 07:37:32.484,4.64776,4.64609,600,900
24.06.2024 07:37:36.294,4.647620000000001,4.64597,1100,1400
24.06.2024 07:37:39.502,4.64759,4.64593,400,1000
24.06.2024 07:37:41.756,4.647460000000001,4.64571,1200,500
24.06.2024 07:37:41.958,4.6473,4.64565,400,500
24.06.2024 07:37:42.059,4.6472299999999995,4.645560000000001,900,800
24.06.2024 07:37:45.365,4.64712,4.6455,1000,900
24.06.2024 07:37:45.618,4.64721,4.645510000000001,400,800
24.06.2024 07:37:46.773,4.647120000000001,4.645390000000001,900,400
24.06.2024 07:37:46.823,4.647240000000001,4.64552,1300,1000
24.06.2024 07:37:46.974,4.64714,4.64539,500,1400
24.06.2024 07:37:47.126,4.6471800000000005,4.64548,1100,800
24.06.2024 07:37:47.277,4.647270000000001,4.64564,500,900
24.06.2024 07:37:50.482,4.64722,4.645550000000001,400,600
24.06.2024 07:37:53.638,4.647240000000001,4.64558,500,800
24.06.2024 07:37:59.567,4.647270000000001,4.6455400000000004,400,800
24.06.2024 07:38:10.641,4.647279999999999,4.64564,1300,600
24.06.2024 07:38:13.950,4.64736,4.64571,700,600
24.06.2024 07:38:25.316,4.64738,4.64571,1000,1000
24.06.2024 07:38:32.187,4.64732,4.64559,700,1000
24.06.2024 07:38:33.289,4.647390000000001,4.6457500000000005,1200,1300
24.06.2024 07:38:43.310,4.6474400000000005,4.6456800000000005,900,900
24.06.2024 07:38:50.376,4.64735,4.64567,400,900
24.06.2024 07:38:55.674,4.6473700000000004,4.64563,500,500
24.06.2024 07:39:00.588,4.647260000000001,4.64559,1300,1100
24.06.2024 07:39:04.194,4.64722,4.64549,800,400
24.06.2024 07:39:15.870,4.64721,4.645490000000001,1300,400
24.06.2024 07:39:21.183,4.64729,4.64557,1000,1300
24.06.2024 07:39:28.793,4.647130000000001,4.64552,1000,800
24.06.2024 07:39:28.894,4.647260000000001,4.645650000000001,700,1200
24.06.2024 07:39:29.147,4.647390000000001,4.6456800000000005,1000,1100
24.06.2024 07:39:30.352,4.647460000000001,4.64578,600,600
24.06.2024 07:39:40.982,4.647410000000001,4.64579,1200,700
24.06.2024 07:39:45.542,4.6473,4.6456100000000005,1300,700
24.06.2024 07:39:48.951,4.64737,4.64572,700,700
24.06.2024 07:40:00.572,4.64734,4.64573,700,1000
24.06.2024 07:40:00.723,4.647480000000001,4.645720000000001,1000,600
24.06.2024 07:40:10.998,4.64744,4.6457500000000005,1300,600
24.06.2024 07:40:11.649,4.6473700000000004,4.6456800000000005,500,1100
24.06.2024 07:40:12.101,4.64743,4.64574,800,900
24.06.2024 07:40:15.809,4.64761,4.64589,800,1400
24.06.2024 07:40:17.262,4.647679999999999,4.645980000000001,1000,1200
24.06.2024 07:40:19.318,4.64782,4.64612,500,1100
24.06.2024 07:40:19.519,4.6476500000000005,4.64595,1300,700
24.06.2024 07:40:19.870,4.647740000000001,4.64607,1100,1000
24.06.2024 07:40:33.650,4.6478600000000005,4.64619,600,1200
24.06.2024 07:40:34.803,4.64803,4.646310000000001,600,600
24.06.2024 07:40:35.355,4.648140000000001,4.64637,1300,1300
24.06.2024 07:40:42.221,4.64821,4.64648,900,400
24.06.2024 07:40:44.876,4.64811,4.64636,700,800
24.06.2024 07:40:45.478,4.6477699999999995,4.64613,1300,900
24.06.2024 07:40:45.579,4.64747,4.64581,1100,800
24.06.2024 07:40:45.629,4.647370000000001,4.645690000000001,1000,1000
24.06.2024 07:40:56.064,4.6473700000000004,4.645700000000001,1200,1300
24.06.2024 07:40:56.264,4.647220000000001,4.6455400000000004,500,500
24.06.2024 07:40:56.365,4.64711,4.64549,700,700
24.06.2024 07:40:58.621,4.64681,4.645150000000001,1100,400
24.06.2024 07:40:58.774,4.64648,4.64483,1000,1200
24.06.2024 07:40:58.828,4.6466199999999995,4.644950000000001,1200,600
24.06.2024 07:40:59.036,4.646710000000001,4.64502,1200,500
24.06.2024 07:40:59.288,4.64678,4.64511,1300,1100
24.06.2024 07:41:01.143,4.646680000000001,4.6449300000000004,700,700
24.06.2024 07:41:01.745,4.64653,4.6447899999999995,600,1000
24.06.2024 07:41:01.946,4.64644,4.644750000000001,1100,1400
24.06.2024 07:41:02.146,4.6465000000000005,4.644800000000001,1200,1000
24.06.2024 07:41:03.449,4.6463,4.64464,1100,900
24.06.2024 07:41:06.528,4.64646,4.6447400000000005,1100,500
24.06.2024 07:41:09.434,4.64652,4.644880000000001,1300,1300
24.06.2024 07:41:11.036,4.646450000000001,4.64477,500,600
