Gmt time,Ask,Bid,AskVolume,BidVolume
24.06.2024 00:00:00.344,10.517389999999999,10.513760000000001,2560.0001,800
24.06.2024 00:00:00.496,10.51736,10.513700000000002,2060.0001,1200
24.06.2024 00:00:01.050,10.51746,10.514170000000002,2260.0001,1600
24.06.2024 00:00:01.151,10.51753,10.514230000000001,2560.0001,1400
24.06.2024 00:00:01.553,10.51746,10.51421,2560.0001,1600
24.06.2024 00:00:11.583,10.5175,10.51412,1960.0001000000002,900
24.06.2024 00:00:15.244,10.51742,10.51397,2160.0001,1100
24.06.2024 00:00:15.295,10.51741,10.51373,2060.0001,900
24.06.2024 00:00:15.847,10.517390000000002,10.513810000000001,2160.0001,1400
24.06.2024 00:00:39.470,10.51761,10.51374,2260.0001,1300
24.06.2024 00:00:39.921,10.5175,10.51355,2560.0001,900
24.06.2024 00:00:40.324,10.517650000000001,10.513810000000001,1960.0001000000002,1600
24.06.2024 00:00:40.525,10.51758,10.513770000000001,2060.0001,1600
24.06.2024 00:00:50.905,10.51753,10.51384,2560.0001,1400
24.06.2024 00:00:53.264,10.517520000000001,10.513590000000002,2360.0001,1100
24.06.2024 00:00:53.516,10.51802,10.51404,1760.0001000000002,900
24.06.2024 00:00:53.566,10.51839,10.514410000000002,1760.0001000000002,900
24.06.2024 00:00:54.070,10.518369999999999,10.514420000000001,1760.0001000000002,700
24.06.2024 00:00:54.625,10.51832,10.5144,2560.0001,1100
24.06.2024 00:00:59.092,10.51832,10.51443,2360.0001,1100
24.06.2024 00:01:01.099,10.5183,10.514370000000001,2160.0001,1200
24.06.2024 00:01:07.479,10.5187,10.51472,2560.0001,1500
24.06.2024 00:01:07.985,10.51873,10.514740000000002,2160.0001,900
24.06.2024 00:01:20.921,10.51868,10.51476,2060.0001,1300
24.06.2024 00:01:21.423,10.518650000000001,10.51472,2060.0001,1300
24.06.2024 00:01:30.094,10.51867,10.514920000000002,2460.0001,1000
24.06.2024 00:01:30.195,10.51868,10.5147,1960.0001000000002,1000
24.06.2024 00:01:30.346,10.518690000000001,10.51495,2060.0001,1600
24.06.2024 00:01:30.447,10.5187,10.51495,2260.0001,1400
24.06.2024 00:01:33.206,10.519010000000002,10.515220000000001,1660.0001000000002,1300
24.06.2024 00:01:33.709,10.519,10.515270000000001,1760.0001000000002,1600
24.06.2024 00:01:41.169,10.519,10.51523,2260.0001,1600
24.06.2024 00:01:42.025,10.51899,10.51505,1960.0001000000002,800
24.06.2024 00:01:42.678,10.51908,10.51525,2560.0001,1700
24.06.2024 00:01:47.193,10.519,10.51522,1860.0001000000002,800
24.06.2024 00:01:52.255,10.51903,10.51502,1760.0001000000002,1700
24.06.2024 00:01:53.259,10.51899,10.5152,2560.0001,700
24.06.2024 00:01:54.470,10.51906,10.51526,1760.0001000000002,700
24.06.2024 00:01:56.329,10.51899,10.515189999999999,2260.0001,1000
24.06.2024 00:01:57.585,10.51856,10.514740000000002,1100,1000
24.06.2024 00:01:57.837,10.51891,10.515130000000001,2560.0001,1500
24.06.2024 00:01:57.989,10.518970000000001,10.515170000000001,1960.0001000000002,1200
24.06.2024 00:01:58.492,10.518760000000002,10.515139999999999,2360.0001,1300
24.06.2024 00:01:59.748,10.518720000000002,10.51515,1300,900
24.06.2024 00:02:10.334,10.518720000000002,10.51518,900,1700
24.06.2024 00:02:20.932,10.518749999999999,10.515110000000002,1400,1700
24.06.2024 00:02:38.598,10.51911,10.515460000000001,2060.0001,1000
24.06.2024 00:02:38.850,10.519540000000001,10.51582,1760.0001000000002,1700
24.06.2024 00:02:39.054,10.51952,10.51573,700,1300
24.06.2024 00:02:50.927,10.51954,10.51577,1600,1300
24.06.2024 00:03:01.212,10.5193,10.51543,1100,1500
24.06.2024 00:03:11.549,10.51924,10.51533,1300,1700
24.06.2024 00:03:21.564,10.519300000000001,10.51537,1100,1000
24.06.2024 00:03:23.924,10.51963,10.51571,1500,1700
24.06.2024 00:03:34.402,10.51955,10.51567,800,1000
24.06.2024 00:03:43.733,10.52002,10.516020000000001,2360.0001,1000
24.06.2024 00:03:43.936,10.51995,10.51603,1400,1200
24.06.2024 00:03:58.242,10.520030000000002,10.515889999999999,1700,1000
24.06.2024 00:04:01.611,10.51956,10.51556,1500,1520.0001
24.06.2024 00:04:02.067,10.519580000000001,10.515550000000001,800,1600
24.06.2024 00:04:11.711,10.51957,10.515609999999999,1400,700
24.06.2024 00:04:21.702,10.519570000000002,10.51552,1600,1300
24.06.2024 00:04:24.913,10.51928,10.5152,1500,1000
24.06.2024 00:04:28.583,10.51924,10.51525,1200,1220.0001
24.06.2024 00:04:30.944,10.51923,10.5154,900,900
24.06.2024 00:04:36.512,10.519260000000001,10.51536,1200,820.0001
24.06.2024 00:04:41.546,10.51932,10.51552,1700,1520.0001
24.06.2024 00:04:53.636,10.51959,10.515660000000002,1000,1500
24.06.2024 00:05:01.615,10.51953,10.51547,1300,1420.0001
24.06.2024 00:05:11.148,10.51958,10.51564,1300,1320.0001
24.06.2024 00:05:12.654,10.51958,10.515620000000002,1600,1700
24.06.2024 00:05:13.608,10.51958,10.51562,1000,820.0001
24.06.2024 00:05:14.011,10.51958,10.51562,700,1520.0001
24.06.2024 00:05:17.878,10.51953,10.51558,2660.0001,1220.0001
24.06.2024 00:05:20.901,10.51962,10.51564,800,1520.0001
24.06.2024 00:05:21.554,10.51959,10.515670000000002,1700,1220.0001
24.06.2024 00:05:31.540,10.519589999999999,10.515610000000002,1920,820.0001
24.06.2024 00:05:32.093,10.51956,10.515610000000002,2020,1320.0001
24.06.2024 00:05:33.548,10.51953,10.515590000000001,1660.0001000000002,1020.0001
24.06.2024 00:05:36.005,10.51954,10.515600000000001,2260.0001,1520.0001
24.06.2024 00:05:38.011,10.51956,10.515609999999999,1100,1220.0001
24.06.2024 00:05:42.328,10.51961,10.515600000000001,2260.0001,1620.0001
24.06.2024 00:05:42.680,10.51956,10.515600000000001,1860.0001000000002,1100
24.06.2024 00:05:42.781,10.519260000000001,10.51533,1200,920.0001
24.06.2024 00:05:43.185,10.51927,10.51535,900,800
24.06.2024 00:05:43.990,10.519230000000002,10.51535,700,1420.0001
24.06.2024 00:05:48.757,10.519210000000001,10.51537,1300,1020.0001
24.06.2024 00:05:54.535,10.519240000000002,10.51529,900,1620.0001
24.06.2024 00:05:55.037,10.519200000000001,10.51531,1700,1000
24.06.2024 00:05:58.456,10.519260000000001,10.51533,2160.0001,900
24.06.2024 00:05:59.611,10.519240000000002,10.515350000000002,2060.0001,1300
24.06.2024 00:06:02.194,10.51927,10.51537,1760.0001000000002,1400
24.06.2024 00:06:04.655,10.51931,10.515390000000002,1860.0001000000002,1600
24.06.2024 00:06:06.213,10.519240000000002,10.51533,2460.0001,1700
24.06.2024 00:06:09.331,10.519290000000002,10.515340000000002,2260.0001,1000
24.06.2024 00:06:10.939,10.519210000000001,10.51539,1960.0001000000002,800
24.06.2024 00:06:12.245,10.519300000000001,10.5153,2160.0001,900
24.06.2024 00:06:14.050,10.519290000000002,10.51539,1660.0001000000002,1400
24.06.2024 00:06:16.459,10.51927,10.515369999999999,2060.0001,800
24.06.2024 00:06:20.725,10.519300000000001,10.51535,2160.0001,1500
24.06.2024 00:06:21.327,10.519280000000002,10.51536,1660.0001000000002,1300
24.06.2024 00:06:28.955,10.519250000000001,10.51536,1760.0001000000002,1400
24.06.2024 00:06:30.161,10.519280000000002,10.51533,1960.0001000000002,900
24.06.2024 00:06:30.914,10.519230000000002,10.51537,1760.0001000000002,900
24.06.2024 00:06:32.068,10.51927,10.5153,1660.0001000000002,1000
24.06.2024 00:06:33.123,10.519260000000001,10.51534,2260.0001,1300
24.06.2024 00:06:40.297,10.519260000000001,10.51539,1860.0001000000002,1500
24.06.2024 00:06:41.250,10.519260000000001,10.51533,2460.0001,800
24.06.2024 00:06:42.405,10.519300000000001,10.51536,1300,1700
24.06.2024 00:06:45.514,10.519260000000001,10.5153,1860.0001000000002,900
24.06.2024 00:06:49.072,10.51928,10.5153,1500,1100
24.06.2024 00:06:52.182,10.519240000000002,10.51539,2460.0001,1000
24.06.2024 00:06:53.236,10.51923,10.51533,2260.0001,800
24.06.2024 00:06:56.747,10.519280000000002,10.51532,2260.0001,1000
24.06.2024 00:07:00.864,10.51923,10.51531,1960.0001000000002,1500
24.06.2024 00:07:01.718,10.519250000000001,10.51537,2460.0001,900
24.06.2024 00:07:02.170,10.51927,10.515400000000001,2560.0001,1500
24.06.2024 00:07:04.481,10.519300000000001,10.51533,2560.0001,1300
24.06.2024 00:07:05.936,10.519300000000001,10.515360000000001,2260.0001,800
24.06.2024 00:07:06.488,10.51931,10.51533,1960.0001000000002,1300
24.06.2024 00:07:11.855,10.519260000000001,10.515350000000002,1400,1600
24.06.2024 00:07:12.760,10.519300000000001,10.51534,1300,1000
24.06.2024 00:07:16.223,10.51927,10.51531,1000,1520.0001
24.06.2024 00:07:24.653,10.519260000000001,10.51528,1000,1820.0001
24.06.2024 00:07:25.005,10.51963,10.515640000000001,1600,1600
24.06.2024 00:07:33.239,10.519599999999999,10.51562,1100,1720.0001
24.06.2024 00:07:35.249,10.519670000000001,10.51604,1500,1100
24.06.2024 00:07:49.103,10.519720000000001,10.51603,1600,1200
24.06.2024 00:08:00.939,10.519750000000002,10.515979999999999,1500,1600
24.06.2024 00:08:10.925,10.51976,10.516020000000001,1500,1600
24.06.2024 00:08:16.926,10.51976,10.5164,700,1700
24.06.2024 00:08:17.279,10.5197,10.51638,2460.0001,1100
24.06.2024 00:08:17.982,10.51998,10.516409999999999,2060.0001,1500
24.06.2024 00:08:18.535,10.519969999999999,10.516399999999999,2660.0001,1600
24.06.2024 00:08:20.042,10.51991,10.51652,1660.0001000000002,900
24.06.2024 00:08:21.547,10.519969999999999,10.517550000000002,2460.0001,800
24.06.2024 00:08:21.849,10.52,10.517700000000001,2060.0001,900
24.06.2024 00:08:22.453,10.51991,10.517570000000001,2560.0001,1400
24.06.2024 00:08:22.554,10.51995,10.51647,2360.0001,1700
24.06.2024 00:08:28.921,10.519710000000002,10.516070000000001,1420,1300
24.06.2024 00:08:29.726,10.51965,10.51608,1860.0001000000002,900
24.06.2024 00:08:35.048,10.52002,10.51618,2160.0001,1600
24.06.2024 00:08:35.149,10.52003,10.51616,2060.0001,1600
24.06.2024 00:08:46.344,10.51998,10.516100000000002,2260.0001,1600
24.06.2024 00:08:46.495,10.519990000000002,10.516160000000001,2160.0001,1500
24.06.2024 00:08:58.280,10.520040000000002,10.51608,2260.0001,1200
24.06.2024 00:08:58.785,10.52008,10.51605,2360.0001,1600
24.06.2024 00:09:04.654,10.51984,10.5158,2360.0001,900
24.06.2024 00:09:05.157,10.519820000000001,10.51577,2060.0001,1600
24.06.2024 00:09:07.239,10.51938,10.515600000000001,900,1000
24.06.2024 00:09:07.693,10.519400000000001,10.515550000000001,2560.0001,1400
24.06.2024 00:09:20.934,10.51947,10.515550000000001,1960.0001000000002,1000
24.06.2024 00:09:21.537,10.51944,10.51557,2260.0001,800
24.06.2024 00:09:31.578,10.51947,10.51553,2160.0001,900
24.06.2024 00:09:41.566,10.519459999999999,10.51555,2060.0001,1500
24.06.2024 00:09:42.670,10.519409999999999,10.51558,1960.0001000000002,1200
24.06.2024 00:09:49.841,10.519290000000002,10.51548,2160.0001,700
24.06.2024 00:10:00.127,10.51927,10.515450000000001,2060.0001,1300
24.06.2024 00:10:00.630,10.51919,10.515540000000001,2460.0001,1300
24.06.2024 00:10:09.359,10.51899,10.51549,2160.0001,1100
24.06.2024 00:10:09.862,10.51904,10.51547,2260.0001,1100
24.06.2024 00:10:20.892,10.519039999999999,10.515440000000002,2060.0001,1200
24.06.2024 00:10:21.444,10.51902,10.51542,1960.0001000000002,1100
24.06.2024 00:10:30.918,10.519029999999999,10.5154,1960.0001000000002,1500
24.06.2024 00:10:31.370,10.519020000000001,10.515480000000002,1960.0001000000002,1400
24.06.2024 00:10:41.552,10.51899,10.515500000000001,2260.0001,1000
24.06.2024 00:10:51.553,10.51903,10.51553,2360.0001,900
24.06.2024 00:10:52.206,10.51906,10.51551,1960.0001000000002,800
24.06.2024 00:11:01.746,10.519100000000002,10.5155,1660.0001000000002,1400
24.06.2024 00:11:02.249,10.519090000000002,10.51556,1760.0001000000002,1500
24.06.2024 00:11:07.065,10.51876,10.51516,1200,1500
24.06.2024 00:11:07.116,10.51867,10.515170000000001,2160.0001,700
24.06.2024 00:11:20.922,10.518770000000002,10.51509,2060.0001,900
24.06.2024 00:11:22.578,10.51909,10.51555,2460.0001,1500
24.06.2024 00:11:22.932,10.51918,10.51589,1760.0001000000002,1700
24.06.2024 00:11:23.083,10.51921,10.51584,2460.0001,1600
24.06.2024 00:11:32.970,10.51916,10.51585,2560.0001,800
24.06.2024 00:11:43.597,10.519190000000002,10.51577,2160.0001,1700
24.06.2024 00:11:44.099,10.51918,10.51577,2460.0001,1700
24.06.2024 00:11:54.173,10.51922,10.515789999999999,2560.0001,900
24.06.2024 00:12:00.897,10.5192,10.515790000000003,1860.0001000000002,900
24.06.2024 00:12:05.063,10.51919,10.515780000000001,1860.0001000000002,1500
24.06.2024 00:12:10.935,10.519210000000001,10.515830000000001,2160.0001,1300
24.06.2024 00:12:12.541,10.51915,10.515770000000002,2160.0001,1200
24.06.2024 00:12:40.917,10.51922,10.515810000000002,2160.0001,1500
24.06.2024 00:12:50.942,10.519150000000002,10.515830000000001,1960.0001000000002,1000
24.06.2024 00:13:02.070,10.519589999999999,10.51619,1860.0001000000002,1300
24.06.2024 00:13:02.722,10.519630000000001,10.51619,2360.0001,900
24.06.2024 00:13:31.577,10.51958,10.51624,1960.0001000000002,800
24.06.2024 00:13:40.912,10.51962,10.51619,1960.0001000000002,1100
24.06.2024 00:13:56.125,10.51952,10.516,1860.0001000000002,800
24.06.2024 00:14:02.246,10.519499999999999,10.516010000000001,2160.0001,1400
24.06.2024 00:14:06.668,10.51954,10.51604,1500,1200
24.06.2024 00:14:08.523,10.51951,10.516090000000002,1700,1700
24.06.2024 00:14:11.785,10.51993,10.516490000000001,1960.0001000000002,800
24.06.2024 00:14:12.188,10.519919999999999,10.5165,800,1300
24.06.2024 00:14:12.793,10.51995,10.51652,1960.0001000000002,700
24.06.2024 00:14:25.189,10.51993,10.51643,2160.0001,900
24.06.2024 00:14:25.341,10.51997,10.516490000000001,2660.0001,1300
24.06.2024 00:14:36.676,10.51991,10.516390000000001,2160.0001,900
24.06.2024 00:14:50.930,10.519900000000002,10.516399999999999,2460.0001,900
24.06.2024 00:14:53.488,10.52028,10.51678,2360.0001,800
24.06.2024 00:14:53.990,10.52026,10.516810000000001,2460.0001,800
24.06.2024 00:15:00.209,10.519969999999999,10.51648,1600,1600
24.06.2024 00:15:00.310,10.52032,10.51693,2660.0001,1000
24.06.2024 00:15:00.813,10.520359999999998,10.516950000000001,2260.0001,1400
24.06.2024 00:15:02.370,10.52003,10.516520000000002,800,1200
24.06.2024 00:15:02.471,10.520040000000002,10.516589999999999,2560.0001,1500
24.06.2024 00:15:17.104,10.52009,10.51669,1960.0001000000002,900
24.06.2024 00:15:17.155,10.52007,10.516620000000001,1500,1100
24.06.2024 00:15:24.293,10.52007,10.516630000000001,2060.0001,1600
24.06.2024 00:15:25.396,10.51974,10.516350000000001,1760.0001000000002,1300
24.06.2024 00:15:25.447,10.51941,10.51595,800,1700
24.06.2024 00:15:25.500,10.519070000000001,10.51565,1700,900
24.06.2024 00:15:27.209,10.51904,10.51562,1860.0001000000002,1200
24.06.2024 00:15:30.117,10.51871,10.515200000000002,800,1500
24.06.2024 00:15:40.419,10.518730000000001,10.51519,1200,1300
24.06.2024 00:15:40.772,10.518680000000002,10.51521,2460.0001,1200
24.06.2024 00:15:51.403,10.51864,10.51515,1860.0001000000002,1300
24.06.2024 00:15:59.260,10.518270000000001,10.51482,1600,1100
24.06.2024 00:15:59.762,10.51826,10.514890000000001,1960.0001000000002,700
24.06.2024 00:16:03.930,10.51792,10.514320000000001,1600,800
24.06.2024 00:16:03.981,10.517550000000002,10.51401,1600,800
24.06.2024 00:16:04.536,10.517570000000001,10.51396,2560.0001,1100
24.06.2024 00:16:05.089,10.51749,10.51397,2260.0001,900
24.06.2024 00:16:05.643,10.517550000000002,10.51397,2360.0001,1000
24.06.2024 00:16:05.694,10.51796,10.514270000000002,2360.0001,1600
24.06.2024 00:16:06.196,10.51789,10.514180000000001,1860.0001000000002,1000
24.06.2024 00:16:20.897,10.517830000000002,10.514260000000002,2260.0001,1500
24.06.2024 00:16:21.148,10.517830000000002,10.514280000000001,1860.0001000000002,1200
24.06.2024 00:16:30.725,10.517900000000001,10.514320000000001,2060.0001,1600
24.06.2024 00:16:30.926,10.51785,10.514370000000001,2660.0001,1000
24.06.2024 00:16:31.227,10.517909999999999,10.5144,2060.0001,700
24.06.2024 00:16:31.781,10.517900000000001,10.51434,1500,1200
24.06.2024 00:16:41.584,10.517940000000001,10.514370000000001,1300,1200
24.06.2024 00:16:41.988,10.51823,10.51476,2260.0001,900
24.06.2024 00:16:42.443,10.51825,10.51478,1100,1400
24.06.2024 00:16:59.317,10.51829,10.51478,1100,1400
24.06.2024 00:17:00.627,10.51831,10.514759999999999,2060.0001,1200
24.06.2024 00:17:07.494,10.517960000000002,10.514360000000002,1200,900
24.06.2024 00:17:09.100,10.51795,10.514440000000002,1960.0001000000002,900
24.06.2024 00:17:10.504,10.51795,10.514410000000002,1000,800
24.06.2024 00:17:11.458,10.517900000000001,10.514370000000001,2060.0001,1000
24.06.2024 00:17:11.961,10.517920000000002,10.514460000000001,2160.0001,1600
24.06.2024 00:17:13.216,10.517900000000001,10.514380000000001,2060.0001,900
24.06.2024 00:17:14.471,10.51792,10.51445,1960.0001000000002,1100
24.06.2024 00:17:16.328,10.517890000000001,10.514460000000001,2460.0001,1400
24.06.2024 00:17:16.831,10.51795,10.514450000000002,2260.0001,1600
24.06.2024 00:17:18.589,10.517910000000002,10.514420000000001,2260.0001,1300
24.06.2024 00:17:19.593,10.517940000000001,10.514390000000002,900,1300
24.06.2024 00:17:30.847,10.517700000000001,10.51417,1100,900
24.06.2024 00:17:40.936,10.51768,10.514100000000001,1500,1100
24.06.2024 00:17:50.922,10.51777,10.51408,800,1720.0001
24.06.2024 00:17:55.944,10.517370000000001,10.51369,1100,920.0001
24.06.2024 00:17:56.447,10.517330000000001,10.51366,1400,1200
24.06.2024 00:17:56.850,10.517280000000001,10.513630000000001,1100,1220.0001
24.06.2024 00:17:58.007,10.51734,10.51359,1000,1720.0001
24.06.2024 00:17:59.713,10.51764,10.514080000000002,1600,800
24.06.2024 00:18:04.881,10.517669999999999,10.51397,1400,1000
24.06.2024 00:18:15.415,10.51763,10.51396,1700,1400
24.06.2024 00:18:27.866,10.517669999999999,10.51394,1100,800
24.06.2024 00:18:39.709,10.5176,10.51394,1100,1600
24.06.2024 00:18:50.893,10.51766,10.513990000000002,1300,1100
24.06.2024 00:19:00.772,10.5177,10.513910000000001,1400,1820.0001
24.06.2024 00:19:14.100,10.51762,10.51396,1400,1600
24.06.2024 00:19:15.005,10.51766,10.513940000000002,1100,1720.0001
24.06.2024 00:19:37.933,10.51769,10.513940000000002,1500,1220.0001
24.06.2024 00:19:38.185,10.5177,10.513900000000001,900,1120.0001
24.06.2024 00:19:47.666,10.5176,10.51392,800,1120.0001
24.06.2024 00:19:55.722,10.51768,10.51392,1700,1320.0001
24.06.2024 00:19:58.180,10.517619999999999,10.513959999999999,1600,1020.0001
24.06.2024 00:20:01.744,10.5176,10.51397,1400,1320.0001
24.06.2024 00:20:05.707,10.51765,10.51392,1200,1420.0001
24.06.2024 00:20:18.152,10.51766,10.514000000000001,1100,820.0001
24.06.2024 00:20:19.257,10.51764,10.514000000000001,1400,1520.0001
24.06.2024 00:20:21.416,10.51763,10.51393,1300,1620.0001
24.06.2024 00:20:42.825,10.51766,10.513940000000002,1100,1420.0001
24.06.2024 00:20:45.488,10.517660000000001,10.51415,1500,1820.0001
24.06.2024 00:20:56.517,10.517669999999999,10.51414,900,900
24.06.2024 00:21:08.809,10.517700000000001,10.51403,1000,1520.0001
24.06.2024 00:21:09.011,10.51797,10.514130000000002,2560.0001,1700
24.06.2024 00:21:09.062,10.51793,10.51416,1100,1200
24.06.2024 00:21:19.502,10.51787,10.514180000000001,800,1400
24.06.2024 00:21:29.893,10.517890000000001,10.514210000000002,1400,1000
24.06.2024 00:21:40.919,10.51795,10.514100000000001,1300,1600
24.06.2024 00:21:54.428,10.51798,10.5144,1300,1500
24.06.2024 00:21:54.880,10.51797,10.51435,2060.0001,1400
24.06.2024 00:21:57.040,10.51797,10.514370000000001,1000,1600
24.06.2024 00:22:00.905,10.517910000000002,10.514280000000001,1000,1200
24.06.2024 00:22:05.532,10.51821,10.514520000000001,1200,1500
24.06.2024 00:22:06.588,10.518220000000001,10.514730000000002,800,1200
24.06.2024 00:22:06.690,10.5182,10.514730000000002,2260.0001,1500
24.06.2024 00:22:09.347,10.51856,10.515059999999998,2360.0001,1700
24.06.2024 00:22:09.751,10.51856,10.51502,2160.0001,1400
24.06.2024 00:22:11.006,10.51854,10.515039999999999,1600,1000
24.06.2024 00:22:13.063,10.518550000000001,10.515,2660.0001,900
24.06.2024 00:22:20.908,10.51857,10.515,2560.0001,800
24.06.2024 00:22:32.642,10.518580000000002,10.514890000000001,1760.0001000000002,800
24.06.2024 00:22:33.595,10.518600000000001,10.514859999999999,900,1200
24.06.2024 00:22:41.069,10.51857,10.514809999999999,1300,1520.0001
24.06.2024 00:22:41.522,10.518590000000001,10.5148,1500,1220.0001
24.06.2024 00:22:43.631,10.518590000000001,10.51479,900,1520.0001
24.06.2024 00:22:44.083,10.51861,10.5149,1100,1320.0001
24.06.2024 00:22:47.894,10.51856,10.5148,1400,1820.0001
24.06.2024 00:23:01.889,10.51858,10.51472,1500,1320.0001
24.06.2024 00:23:09.346,10.518600000000001,10.51478,1100,1120.0001
24.06.2024 00:23:10.748,10.518600000000001,10.51477,800,1200
24.06.2024 00:23:10.953,10.51823,10.514450000000002,1200,920.0001
24.06.2024 00:23:21.542,10.51814,10.51435,1700,1620.0001
24.06.2024 00:23:22.948,10.51816,10.51463,1000,1100
24.06.2024 00:23:23.702,10.51823,10.514610000000001,2260.0001,800
24.06.2024 00:23:37.999,10.518210000000002,10.51462,1860.0001000000002,1100
24.06.2024 00:23:48.127,10.51817,10.51443,900,900
24.06.2024 00:23:57.450,10.51817,10.514690000000002,1600,1700
24.06.2024 00:23:58.004,10.51817,10.514650000000001,2060.0001,1600
24.06.2024 00:24:20.913,10.51824,10.51463,2160.0001,800
24.06.2024 00:24:21.664,10.518210000000002,10.5146,2060.0001,1200
24.06.2024 00:24:30.938,10.51819,10.51468,2460.0001,1600
24.06.2024 00:24:31.589,10.51817,10.51463,2560.0001,700
24.06.2024 00:24:47.782,10.5178,10.51424,900,1700
24.06.2024 00:24:47.866,10.51819,10.51463,2660.0001,800
24.06.2024 00:24:59.496,10.51824,10.51462,2560.0001,1100
24.06.2024 00:25:26.824,10.51825,10.51464,1200,700
24.06.2024 00:25:40.110,10.51823,10.514650000000001,2660.0001,1500
24.06.2024 00:25:42.132,10.5182,10.51467,1200,1700
24.06.2024 00:25:46.297,10.518210000000002,10.51443,1300,1000
24.06.2024 00:25:46.600,10.51786,10.51411,1100,800
24.06.2024 00:25:47.558,10.518180000000001,10.51443,1500,1200
24.06.2024 00:25:59.090,10.51822,10.514610000000001,1700,1200
24.06.2024 00:25:59.893,10.51818,10.51467,2360.0001,900
24.06.2024 00:26:01.048,10.51822,10.51464,900,1700
24.06.2024 00:26:03.709,10.51822,10.51467,1760.0001000000002,900
24.06.2024 00:26:08.322,10.51826,10.514660000000001,1500,1300
24.06.2024 00:26:08.574,10.517890000000001,10.514310000000002,1400,1700
24.06.2024 00:26:20.473,10.51783,10.514290000000003,1700,1100
24.06.2024 00:26:30.892,10.51782,10.514280000000001,1300,900
24.06.2024 00:26:41.431,10.51788,10.514090000000001,1400,1500
24.06.2024 00:26:51.555,10.51784,10.514180000000001,1000,800
24.06.2024 00:26:52.109,10.517830000000002,10.51435,1100,1300
24.06.2024 00:27:07.152,10.517859999999999,10.514330000000001,1500,900
24.06.2024 00:27:16.552,10.51794,10.51427,2460.0001,700
24.06.2024 00:27:17.612,10.51794,10.514330000000001,1100,1200
24.06.2024 00:27:17.663,10.517840000000001,10.51419,1500,1600
24.06.2024 00:27:28.538,10.5179,10.5143,800,1600
24.06.2024 00:27:28.689,10.517900000000001,10.51434,2160.0001,1600
24.06.2024 00:27:38.561,10.51783,10.51436,2560.0001,1200
24.06.2024 00:27:40.918,10.51788,10.514310000000002,2360.0001,800
24.06.2024 00:27:49.990,10.51783,10.51426,1860.0001000000002,1400
24.06.2024 00:28:00.922,10.517859999999999,10.514280000000001,2360.0001,1600
24.06.2024 00:28:01.925,10.51789,10.514270000000002,2160.0001,1300
24.06.2024 00:28:10.895,10.517880000000002,10.514180000000001,2160.0001,1700
24.06.2024 00:28:12.100,10.51786,10.514140000000001,800,1200
24.06.2024 00:28:21.575,10.517809999999999,10.514159999999999,800,900
24.06.2024 00:28:31.752,10.51787,10.51412,800,1400
24.06.2024 00:28:41.740,10.51786,10.514080000000002,1700,1400
24.06.2024 00:29:08.541,10.51782,10.514050000000001,1000,1700
24.06.2024 00:29:18.574,10.517880000000002,10.514090000000001,700,700
24.06.2024 00:29:30.923,10.517890000000001,10.51408,800,1400
24.06.2024 00:29:48.446,10.51747,10.51373,1200,1600
24.06.2024 00:29:49.351,10.51711,10.5135,1500,1600
24.06.2024 00:30:00.897,10.517190000000001,10.51345,1000,1400
24.06.2024 00:30:10.940,10.51713,10.51347,1100,1100
24.06.2024 00:30:31.745,10.51718,10.51354,1200,700
24.06.2024 00:30:41.722,10.51716,10.5135,1300,1500
24.06.2024 00:30:51.703,10.5172,10.51341,1600,1200
24.06.2024 00:31:01.738,10.51714,10.513460000000002,1100,800
24.06.2024 00:31:11.722,10.51715,10.51342,1100,1700
24.06.2024 00:31:25.219,10.51716,10.51347,1000,1500
24.06.2024 00:31:31.892,10.516740000000002,10.513060000000001,900,900
24.06.2024 00:31:46.294,10.51675,10.51315,1400,1300
24.06.2024 00:31:58.286,10.516810000000001,10.51314,1400,700
24.06.2024 00:32:04.009,10.517000000000001,10.51359,1600,1400
24.06.2024 00:32:10.680,10.516630000000001,10.513209999999999,700,1300
24.06.2024 00:32:19.053,10.516960000000001,10.51353,2560.0001,700
24.06.2024 00:32:19.805,10.51692,10.51351,1000,1600
24.06.2024 00:32:20.912,10.51732,10.5136,2360.0001,1500
24.06.2024 00:32:21.114,10.51685,10.51325,1000,800
24.06.2024 00:32:21.769,10.517159999999999,10.513650000000002,700,1000
24.06.2024 00:32:32.255,10.5171,10.51361,800,1000
24.06.2024 00:32:42.536,10.51716,10.513700000000002,1100,1500
24.06.2024 00:32:58.282,10.517130000000002,10.51369,1400,800
24.06.2024 00:33:09.568,10.51711,10.513620000000001,1000,1300
24.06.2024 00:33:20.199,10.517100000000001,10.51363,1400,800
24.06.2024 00:33:30.940,10.51714,10.513660000000002,900,1400
24.06.2024 00:33:40.923,10.517190000000001,10.5137,1400,1100
24.06.2024 00:33:41.375,10.51712,10.51364,2160.0001,1600
24.06.2024 00:33:41.927,10.51717,10.51368,800,1400
24.06.2024 00:33:44.436,10.51721,10.51337,1000,1000
24.06.2024 00:33:56.428,10.51712,10.513349999999999,900,700
24.06.2024 00:34:08.070,10.517149999999999,10.513410000000002,1000,1600
24.06.2024 00:34:19.409,10.517100000000001,10.513390000000001,1200,1300
24.06.2024 00:34:20.262,10.517140000000001,10.51337,2260.0001,700
24.06.2024 00:34:23.877,10.51706,10.51326,1400,1200
24.06.2024 00:34:24.230,10.517100000000001,10.513250000000001,2260.0001,1600
24.06.2024 00:34:24.785,10.51708,10.513240000000001,2660.0001,1500
24.06.2024 00:34:24.887,10.5167,10.51284,1600,1100
24.06.2024 00:34:24.988,10.51631,10.51244,1600,1300
24.06.2024 00:34:25.291,10.51628,10.51241,1860.0001000000002,800
24.06.2024 00:34:25.996,10.51631,10.51245,2460.0001,1400
24.06.2024 00:34:26.550,10.516330000000002,10.51242,2360.0001,1400
24.06.2024 00:34:27.805,10.516340000000001,10.512410000000001,1660.0001000000002,1700
24.06.2024 00:34:28.357,10.516280000000002,10.51247,1860.0001000000002,1300
24.06.2024 00:34:29.612,10.516340000000001,10.51245,2560.0001,1200
24.06.2024 00:34:34.426,10.516250000000001,10.51243,2160.0001,800
24.06.2024 00:34:34.978,10.51632,10.5124,2020,1100
24.06.2024 00:34:40.900,10.51626,10.51244,1620,900
24.06.2024 00:34:49.234,10.51626,10.51241,1860.0001000000002,1100
24.06.2024 00:34:50.488,10.516330000000002,10.51248,1220,1000
24.06.2024 00:34:50.939,10.516290000000001,10.512450000000001,1720,1100
24.06.2024 00:34:57.455,10.516330000000002,10.51242,2460.0001,1500
24.06.2024 00:34:58.058,10.516330000000002,10.512440000000002,2260.0001,1600
24.06.2024 00:34:58.611,10.516350000000001,10.51243,900,1400
24.06.2024 00:35:01.547,10.5163,10.512440000000002,1000,1200
24.06.2024 00:35:09.582,10.51626,10.51247,1760.0001000000002,1600
24.06.2024 00:35:10.936,10.516280000000002,10.51248,2360.0001,1200
24.06.2024 00:35:13.644,10.51628,10.51239,800,800
24.06.2024 00:35:19.669,10.51594,10.51216,1000,1200
24.06.2024 00:35:19.821,10.515690000000001,10.51186,1200,1500
24.06.2024 00:35:19.922,10.51528,10.511519999999999,1100,900
24.06.2024 00:35:22.334,10.515320000000001,10.51162,1300,1300
24.06.2024 00:35:31.413,10.515270000000001,10.51151,1200,1000
24.06.2024 00:35:41.550,10.51528,10.51151,800,1600
24.06.2024 00:36:01.738,10.515260000000001,10.51141,1000,1500
24.06.2024 00:36:02.192,10.51567,10.511880000000001,2060.0001,1600
24.06.2024 00:36:02.294,10.515590000000001,10.511899999999999,1400,1500
24.06.2024 00:36:20.917,10.51559,10.511830000000002,1500,1400
24.06.2024 00:36:51.739,10.515659999999999,10.511930000000001,900,1400
24.06.2024 00:37:00.226,10.515600000000001,10.51216,1500,1300
24.06.2024 00:37:10.309,10.51567,10.51223,1500,1100
24.06.2024 00:37:20.915,10.51564,10.51215,1200,1200
24.06.2024 00:37:31.495,10.515660000000002,10.51219,1400,1200
24.06.2024 00:37:41.579,10.515590000000001,10.5121,800,1100
24.06.2024 00:38:08.147,10.51565,10.51214,1760.0001000000002,1700
24.06.2024 00:38:08.800,10.515610000000002,10.512120000000001,1760.0001000000002,1600
24.06.2024 00:38:13.211,10.515630000000002,10.512110000000002,2360.0001,1300
24.06.2024 00:38:14.314,10.51565,10.51209,2460.0001,1000
24.06.2024 00:38:16.672,10.515600000000001,10.5121,1860.0001000000002,1100
24.06.2024 00:38:17.777,10.51565,10.51214,2160.0001,1600
24.06.2024 00:38:20.238,10.515610000000002,10.512070000000001,2160.0001,900
24.06.2024 00:38:21.241,10.515630000000002,10.512150000000002,2260.0001,1600
24.06.2024 00:38:24.050,10.515630000000002,10.512120000000001,1860.0001000000002,1100
24.06.2024 00:38:25.458,10.515640000000001,10.512090000000002,1960.0001000000002,900
24.06.2024 00:38:26.513,10.51565,10.512150000000002,2560.0001,1600
24.06.2024 00:38:30.732,10.51565,10.512160000000002,2060.0001,1600
24.06.2024 00:38:30.934,10.51559,10.51211,2160.0001,1400
24.06.2024 00:38:32.240,10.51563,10.512080000000001,2560.0001,1200
24.06.2024 00:38:32.842,10.515659999999999,10.512080000000001,2160.0001,900
24.06.2024 00:38:37.560,10.515649999999999,10.5121,1600,1500
24.06.2024 00:38:40.922,10.515630000000002,10.51213,1400,1300
24.06.2024 00:39:11.745,10.51565,10.51209,1600,900
24.06.2024 00:39:40.223,10.51561,10.512089999999999,800,800
24.06.2024 00:39:50.296,10.51568,10.51213,800,1600
24.06.2024 00:40:00.939,10.515600000000001,10.51213,1500,1400
24.06.2024 00:40:11.423,10.51562,10.51213,1200,700
24.06.2024 00:40:21.556,10.515610000000002,10.51212,1400,700
24.06.2024 00:40:31.537,10.515630000000002,10.51214,1500,1500
24.06.2024 00:40:34.747,10.51535,10.51182,1600,1200
24.06.2024 00:40:40.218,10.515080000000001,10.51147,1400,1600
24.06.2024 00:40:40.270,10.51472,10.511280000000001,1700,1300
24.06.2024 00:40:50.928,10.514710000000001,10.5112,1700,1600
24.06.2024 00:41:01.554,10.51473,10.511170000000002,1600,1100
24.06.2024 00:41:09.324,10.51506,10.511560000000001,2560.0001,800
24.06.2024 00:41:09.476,10.51509,10.51148,1200,700
24.06.2024 00:41:13.086,10.515540000000001,10.511980000000001,1960.0001000000002,800
24.06.2024 00:41:13.339,10.515530000000002,10.511940000000001,1500,1600
24.06.2024 00:41:23.167,10.51553,10.511910000000002,1500,1500
24.06.2024 00:41:37.161,10.5155,10.511949999999999,1600,1100
24.06.2024 00:41:50.898,10.5155,10.51189,1200,1000
24.06.2024 00:41:53.654,10.51552,10.51214,1100,1100
24.06.2024 00:42:09.663,10.51546,10.511949999999999,900,1000
24.06.2024 00:42:30.925,10.515460000000001,10.51201,1300,800
24.06.2024 00:42:51.577,10.515540000000001,10.511959999999998,1600,1000
24.06.2024 00:43:11.741,10.515550000000001,10.51196,1500,1000
24.06.2024 00:43:13.651,10.515270000000001,10.511610000000001,1300,1200
24.06.2024 00:43:14.557,10.51523,10.51162,1000,1500
24.06.2024 00:43:18.219,10.515590000000001,10.51203,1860.0001000000002,1500
24.06.2024 00:43:18.270,10.515590000000001,10.511959999999998,1200,1500
24.06.2024 00:43:28.246,10.51551,10.51199,900,1100
24.06.2024 00:43:50.175,10.515540000000001,10.51188,1300,1500
24.06.2024 00:44:00.607,10.51552,10.51196,1500,1300
24.06.2024 00:44:02.764,10.51558,10.51215,1500,900
24.06.2024 00:44:13.555,10.51558,10.512100000000002,1300,1000
24.06.2024 00:44:28.193,10.51557,10.51205,800,1400
24.06.2024 00:44:40.499,10.51558,10.51205,700,800
24.06.2024 00:44:50.529,10.51552,10.51203,1300,1100
24.06.2024 00:45:00.909,10.51556,10.512040000000002,900,800
24.06.2024 00:45:10.931,10.51558,10.512030000000001,1100,1100
24.06.2024 00:45:21.560,10.51558,10.512039999999999,800,1100
24.06.2024 00:45:36.925,10.515139999999999,10.511650000000001,1000,800
24.06.2024 00:45:46.907,10.515170000000001,10.511630000000002,900,1100
24.06.2024 00:46:00.900,10.51516,10.51164,1600,1400
24.06.2024 00:46:10.933,10.51519,10.51173,800,1400
24.06.2024 00:46:21.568,10.515210000000002,10.511750000000001,1600,1300
24.06.2024 00:46:30.548,10.51513,10.51172,2060.0001,900
24.06.2024 00:46:31.704,10.51521,10.51187,1760.0001000000002,900
24.06.2024 00:46:33.660,10.51523,10.511700000000001,1860.0001000000002,1200
24.06.2024 00:46:34.714,10.515220000000001,10.511690000000002,1500,1500
24.06.2024 00:46:37.122,10.51576,10.5121,1860.0001000000002,1000
24.06.2024 00:46:37.574,10.51572,10.512120000000001,1760.0001000000002,800
24.06.2024 00:46:50.213,10.51528,10.51171,900,1000
24.06.2024 00:47:00.931,10.515170000000001,10.51166,1300,1600
24.06.2024 00:47:11.312,10.51515,10.511660000000001,800,1300
24.06.2024 00:47:17.883,10.514809999999999,10.51132,1200,1000
24.06.2024 00:47:29.418,10.514800000000001,10.511360000000002,1300,1600
24.06.2024 00:47:40.903,10.514830000000002,10.511330000000001,900,800
24.06.2024 00:48:01.541,10.51484,10.511300000000002,1700,1100
24.06.2024 00:48:11.568,10.51483,10.51129,1000,1500
24.06.2024 00:48:31.748,10.514790000000001,10.511330000000001,1400,1200
24.06.2024 00:48:47.859,10.514850000000001,10.51129,1200,1700
24.06.2024 00:49:00.900,10.514810000000002,10.51137,800,1300
24.06.2024 00:49:11.542,10.51487,10.51131,800,1700
24.06.2024 00:49:57.888,10.51481,10.5113,800,1200
24.06.2024 00:50:07.886,10.51487,10.5113,1100,1300
24.06.2024 00:50:17.880,10.51479,10.511210000000002,1300,1300
24.06.2024 00:50:19.939,10.514860000000002,10.51135,1300,800
24.06.2024 00:50:22.950,10.51482,10.511230000000001,1000,900
24.06.2024 00:50:30.934,10.51484,10.51148,1100,700
24.06.2024 00:50:31.085,10.514840000000001,10.51146,2560.0001,1300
24.06.2024 00:50:31.186,10.514820000000002,10.511280000000001,1860.0001000000002,1400
24.06.2024 00:50:31.689,10.514840000000001,10.51151,2060.0001,1400
24.06.2024 00:50:36.062,10.514840000000001,10.51131,2560.0001,1100
24.06.2024 00:50:36.364,10.514880000000002,10.511280000000001,1500,1100
24.06.2024 00:50:37.820,10.515189999999999,10.51167,1600,800
24.06.2024 00:50:56.079,10.51554,10.512040000000002,2460.0001,700
24.06.2024 00:50:56.481,10.5155,10.511960000000002,700,800
24.06.2024 00:51:06.651,10.51556,10.512030000000001,1700,700
24.06.2024 00:51:17.882,10.51553,10.512110000000002,1600,1200
24.06.2024 00:51:30.892,10.515509999999999,10.512030000000001,1400,1700
24.06.2024 00:51:47.134,10.515910000000002,10.51238,2160.0001,1600
24.06.2024 00:51:47.286,10.51632,10.51275,2560.0001,1500
24.06.2024 00:51:47.640,10.51628,10.51281,2560.0001,1000
24.06.2024 00:51:48.143,10.51634,10.5128,1500,800
24.06.2024 00:51:58.358,10.51628,10.51281,1700,1600
24.06.2024 00:52:09.992,10.515870000000001,10.512350000000001,1600,1700
24.06.2024 00:52:10.648,10.51551,10.511940000000001,1200,1600
24.06.2024 00:52:20.939,10.51552,10.512080000000001,1100,1300
24.06.2024 00:52:55.970,10.5153,10.511849999999999,1000,1600
24.06.2024 00:52:56.527,10.51497,10.51149,1000,1700
24.06.2024 00:53:20.925,10.514990000000001,10.511420000000001,1300,1000
24.06.2024 00:53:31.320,10.51499,10.51148,1200,1200
24.06.2024 00:53:41.548,10.51493,10.511450000000002,800,1000
24.06.2024 00:53:46.768,10.514569999999999,10.51116,1300,1300
24.06.2024 00:54:00.941,10.51462,10.51115,1600,1100
24.06.2024 00:54:09.420,10.514310000000002,10.510710000000001,800,800
24.06.2024 00:54:20.913,10.514330000000001,10.51069,1400,1100
24.06.2024 00:54:21.768,10.514650000000001,10.511110000000002,2060.0001,1200
24.06.2024 00:54:22.121,10.51457,10.511140000000001,800,800
24.06.2024 00:54:48.185,10.51412,10.510650000000002,1000,1400
24.06.2024 00:54:54.117,10.513819999999999,10.51035,1200,1100
24.06.2024 00:54:54.520,10.51418,10.51073,1500,700
24.06.2024 00:55:00.152,10.51383,10.510340000000001,1100,1700
24.06.2024 00:55:00.303,10.514280000000001,10.5103,1700,1400
24.06.2024 00:55:01.915,10.51421,10.510140000000002,1600,1600
24.06.2024 00:55:03.724,10.513850000000001,10.510230000000002,1600,1700
24.06.2024 00:55:11.982,10.51385,10.51037,1500,1100
24.06.2024 00:55:14.945,10.513560000000002,10.510110000000001,1000,1300
24.06.2024 00:55:17.558,10.513190000000002,10.50968,1200,1100
24.06.2024 00:55:30.910,10.51317,10.5097,800,1400
24.06.2024 00:55:41.941,10.51355,10.51003,2360.0001,1300
24.06.2024 00:55:42.245,10.513560000000002,10.51008,1500,1700
24.06.2024 00:56:00.920,10.513520000000002,10.51003,1200,1200
24.06.2024 00:56:02.224,10.51355,10.50988,1300,1200
24.06.2024 00:56:05.281,10.513610000000002,10.50985,1000,1420.0001
24.06.2024 00:56:05.382,10.51387,10.51016,2260.0001,1400
24.06.2024 00:56:05.634,10.51392,10.510190000000001,1300,1200
24.06.2024 00:56:09.294,10.513950000000001,10.51022,1200,1320.0001
24.06.2024 00:56:15.562,10.51401,10.510230000000002,1700,820.0001
24.06.2024 00:56:19.024,10.51397,10.51017,1200,920.0001
24.06.2024 00:56:21.437,10.51392,10.51017,1300,1520.0001
24.06.2024 00:56:23.308,10.5144,10.510589999999999,1860.0001000000002,1600
24.06.2024 00:56:23.559,10.51433,10.51055,1200,1500
24.06.2024 00:56:24.164,10.51437,10.51055,1200,920.0001
24.06.2024 00:56:24.517,10.514310000000002,10.510610000000002,1600,920.0001
24.06.2024 00:56:37.658,10.514339999999999,10.510610000000002,1300,1020.0001
24.06.2024 00:56:38.311,10.514389999999999,10.51068,2260.0001,1720.0001
24.06.2024 00:56:39.918,10.51436,10.510670000000001,2560.0001,1320.0001
24.06.2024 00:56:47.646,10.51427,10.51078,1200,1200
24.06.2024 00:56:59.586,10.51392,10.510390000000001,1500,1620.0001
24.06.2024 00:57:00.041,10.51385,10.5104,1000,1100
24.06.2024 00:57:00.545,10.513480000000001,10.51002,1400,1820.0001
24.06.2024 00:57:09.834,10.51317,10.50976,1400,1400
24.06.2024 00:57:20.927,10.51319,10.509710000000002,1400,900
24.06.2024 00:57:31.562,10.513250000000001,10.509780000000001,1300,1000
24.06.2024 00:57:41.751,10.51314,10.50974,900,800
24.06.2024 00:57:51.734,10.51314,10.50969,1500,1400
24.06.2024 00:58:47.321,10.51321,10.50952,1400,700
24.06.2024 00:58:47.523,10.5132,10.5097,1000,900
24.06.2024 00:59:18.116,10.513540000000003,10.51004,1860.0001000000002,1500
24.06.2024 00:59:18.469,10.513480000000001,10.51002,1400,900
24.06.2024 00:59:30.906,10.513520000000002,10.51,1000,700
24.06.2024 00:59:31.709,10.51328,10.509750000000002,800,1320.0001
24.06.2024 00:59:31.760,10.51323,10.50938,1100,1420.0001
24.06.2024 00:59:32.264,10.51287,10.50905,1300,1120.0001
24.06.2024 00:59:32.718,10.512840000000002,10.50912,1200,1120.0001
24.06.2024 00:59:34.075,10.512839999999999,10.5091,900,1200
24.06.2024 00:59:39.395,10.51283,10.50911,1500,920.0001
24.06.2024 00:59:40.601,10.51247,10.509010000000002,1000,1820.0001
24.06.2024 00:59:48.487,10.51249,10.50902,1200,1620.0001
24.06.2024 00:59:50.897,10.5125,10.508970000000001,1100,920.0001
24.06.2024 00:59:53.310,10.51253,10.50895,700,1820.0001
24.06.2024 00:59:58.274,10.51285,10.50933,1000,1620.0001
24.06.2024 01:00:00.080,10.5128,10.50934,800,900
24.06.2024 01:00:00.182,10.512850000000002,10.5091,1100,700
24.06.2024 01:00:09.232,10.513140000000002,10.50941,1860.0001000000002,1000
24.06.2024 01:00:09.584,10.513110000000001,10.50941,1700,1300
24.06.2024 01:00:19.671,10.51308,10.50942,1300,1100
24.06.2024 01:00:23.293,10.51289,10.509010000000002,1000,1300
24.06.2024 01:00:25.805,10.51284,10.508849999999999,1000,700
24.06.2024 01:00:26.058,10.51284,10.509010000000002,900,1500
24.06.2024 01:00:26.108,10.512830000000001,10.50888,1700,900
24.06.2024 01:00:26.159,10.512830000000001,10.509060000000002,1100,1700
24.06.2024 01:00:27.214,10.51284,10.508799999999999,1700,1200
24.06.2024 01:00:35.223,10.512490000000001,10.50862,1400,1300
24.06.2024 01:00:40.045,10.512810000000002,10.508880000000001,1100,700
24.06.2024 01:00:49.734,10.512810000000002,10.50857,1400,1000
24.06.2024 01:00:50.892,10.51274,10.50866,1500,1400
24.06.2024 01:00:54.057,10.512709999999998,10.50893,1500,1500
24.06.2024 01:00:55.412,10.512739999999999,10.50899,1300,1600
24.06.2024 01:01:00.131,10.51277,10.50855,900,1700
24.06.2024 01:01:10.903,10.512730000000001,10.50857,1700,1600
24.06.2024 01:01:20.940,10.512739999999999,10.50862,1300,1500
24.06.2024 01:01:31.576,10.51277,10.508530000000002,800,800
24.06.2024 01:01:34.085,10.51274,10.50845,800,1200
24.06.2024 01:01:42.263,10.512750000000002,10.507950000000001,800,2060.0001
24.06.2024 01:01:42.364,10.51274,10.50801,1200,1860.0001000000002
24.06.2024 01:01:42.516,10.512780000000001,10.507510000000002,1200,1080
24.06.2024 01:01:42.617,10.51213,10.50725,1300,2660.0001
24.06.2024 01:01:43.121,10.512220000000001,10.50725,1600,2160.0001
24.06.2024 01:01:44.128,10.5122,10.50735,1200,1580
24.06.2024 01:01:44.279,10.512220000000001,10.50722,1300,1760.0001000000002
24.06.2024 01:01:44.985,10.51172,10.506960000000001,1000,880
24.06.2024 01:01:45.036,10.511730000000002,10.50689,1700,1280
24.06.2024 01:01:45.540,10.51167,10.50684,900,1500
24.06.2024 01:01:46.044,10.51186,10.506590000000001,1300,1480
24.06.2024 01:01:46.297,10.51138,10.50645,1400,580
24.06.2024 01:01:46.599,10.51145,10.50642,1300,780
24.06.2024 01:01:46.700,10.51154,10.50633,2160.0001,2260.0001
24.06.2024 01:01:46.751,10.51109,10.50634,700,2060.0001
24.06.2024 01:01:46.953,10.51075,10.505989999999999,1500,1860.0001000000002
24.06.2024 01:01:47.104,10.51082,10.50618,1500,2060.0001
24.06.2024 01:01:47.155,10.51075,10.506210000000001,800,1200
24.06.2024 01:01:47.659,10.51083,10.506260000000001,1960.0001000000002,1200
24.06.2024 01:01:48.667,10.51077,10.50627,2460.0001,1500
24.06.2024 01:01:53.746,10.51098,10.50577,2260.0001,1200
24.06.2024 01:01:54.098,10.51103,10.50578,2260.0001,1500
24.06.2024 01:01:54.602,10.51107,10.505740000000001,2460.0001,1300
24.06.2024 01:01:55.056,10.511000000000001,10.50575,2460.0001,1100
24.06.2024 01:01:55.157,10.51099,10.506110000000001,1960.0001000000002,1000
24.06.2024 01:01:55.610,10.51103,10.50618,2460.0001,1500
24.06.2024 01:01:56.667,10.51103,10.5061,1960.0001000000002,1100
24.06.2024 01:02:00.185,10.51099,10.50591,1960.0001000000002,1100
24.06.2024 01:02:01.293,10.51103,10.50553,2560.0001,1520
24.06.2024 01:02:01.394,10.51102,10.505510000000001,2460.0001,1500
24.06.2024 01:02:02.250,10.51088,10.50608,2160.0001,800
24.06.2024 01:02:02.452,10.51096,10.50571,2260.0001,1000
24.06.2024 01:02:02.957,10.511090000000001,10.506280000000002,2660.0001,1700
24.06.2024 01:02:03.059,10.511050000000001,10.50625,1960.0001000000002,1200
24.06.2024 01:02:03.612,10.51106,10.50632,2460.0001,1100
24.06.2024 01:02:04.115,10.51107,10.50628,1960.0001000000002,1600
24.06.2024 01:02:04.620,10.51074,10.506100000000002,2560.0001,1300
24.06.2024 01:02:04.671,10.51064,10.50608,1760.0001000000002,1100
24.06.2024 01:02:05.174,10.510660000000001,10.506160000000001,1500,1000
24.06.2024 01:02:06.181,10.51071,10.506160000000001,2360.0001,700
24.06.2024 01:02:07.138,10.51073,10.50614,1000,1000
24.06.2024 01:02:07.642,10.510720000000001,10.506110000000001,2060.0001,1400
24.06.2024 01:02:08.196,10.51071,10.506070000000001,1100,1500
24.06.2024 01:02:10.506,10.51073,10.50576,1500,1500
24.06.2024 01:02:16.539,10.51073,10.50577,2060.0001,1000
24.06.2024 01:02:18.151,10.510720000000001,10.505790000000001,2560.0001,1100
24.06.2024 01:02:19.258,10.510280000000002,10.505980000000001,2060.0001,1000
24.06.2024 01:02:19.460,10.510310000000002,10.50603,700,1000
24.06.2024 01:02:20.916,10.51037,10.50603,1200,1400
24.06.2024 01:02:22.772,10.51041,10.506020000000001,2460.0001,1100
24.06.2024 01:02:23.681,10.51058,10.50571,2260.0001,1400
24.06.2024 01:02:23.782,10.51039,10.50614,2560.0001,1500
24.06.2024 01:02:26.042,10.51044,10.506160000000001,700,800
24.06.2024 01:02:29.211,10.51046,10.50613,1760.0001000000002,1500
24.06.2024 01:02:31.122,10.51049,10.506200000000002,1300,1200
24.06.2024 01:02:40.914,10.510440000000003,10.50632,1100,1100
24.06.2024 01:02:50.936,10.51051,10.50633,800,1300
24.06.2024 01:03:00.279,10.51008,10.50601,1600,800
24.06.2024 01:03:10.921,10.510150000000001,10.50594,1400,900
24.06.2024 01:03:13.631,10.51008,10.5059,1660.0001000000002,1000
24.06.2024 01:03:15.139,10.510060000000001,10.50566,2560.0001,1100
24.06.2024 01:03:15.542,10.5098,10.5053,1200,800
24.06.2024 01:03:16.047,10.509830000000001,10.505370000000001,2160.0001,1400
24.06.2024 01:03:16.750,10.509770000000001,10.50534,900,700
24.06.2024 01:03:24.394,10.509800000000002,10.50538,2260.0001,1600
24.06.2024 01:03:25.349,10.50941,10.504890000000001,900,1700
24.06.2024 01:03:40.907,10.50933,10.50491,1200,900
24.06.2024 01:03:51.548,10.50937,10.50499,1500,1100
24.06.2024 01:04:00.688,10.50937,10.50544,1200,1100
24.06.2024 01:04:00.939,10.509360000000001,10.50544,1500,900
24.06.2024 01:04:11.575,10.50937,10.50543,1200,1000
24.06.2024 01:04:31.550,10.50929,10.50539,1100,1300
24.06.2024 01:04:41.547,10.50931,10.50544,1400,800
24.06.2024 01:04:52.276,10.50972,10.505790000000001,1660.0001000000002,900
24.06.2024 01:04:52.730,10.50968,10.505810000000002,1200,1300
24.06.2024 01:05:08.386,10.509670000000002,10.505790000000001,1600,1500
24.06.2024 01:05:20.902,10.509689999999999,10.50581,1600,700
24.06.2024 01:06:06.399,10.50965,10.5064,1200,900
24.06.2024 01:06:06.500,10.50967,10.50606,1200,1400
24.06.2024 01:06:06.602,10.509689999999999,10.5066,1500,1400
24.06.2024 01:06:06.703,10.50962,10.506620000000002,900,1500
24.06.2024 01:06:06.804,10.50968,10.5066,800,1000
24.06.2024 01:06:07.006,10.50962,10.5058,1000,700
24.06.2024 01:06:07.107,10.5097,10.506609999999998,1200,1200
24.06.2024 01:06:07.208,10.509640000000001,10.50584,800,1400
24.06.2024 01:06:07.309,10.50964,10.506670000000002,1300,1700
24.06.2024 01:06:07.410,10.50971,10.50584,1200,1100
24.06.2024 01:06:07.512,10.50968,10.506590000000001,800,1300
24.06.2024 01:06:07.613,10.50968,10.50582,1100,1600
24.06.2024 01:06:08.369,10.5101,10.50613,2160.0001,1000
24.06.2024 01:06:08.673,10.51004,10.50613,900,1000
24.06.2024 01:06:12.087,10.510019999999999,10.506040000000002,1000,1200
24.06.2024 01:06:20.315,10.510010000000001,10.506170000000001,1400,1000
24.06.2024 01:06:24.678,10.510430000000001,10.50658,2060.0001,1100
24.06.2024 01:06:25.181,10.510440000000003,10.5066,1600,1200
24.06.2024 01:06:35.294,10.51052,10.50685,1200,900
24.06.2024 01:06:38.555,10.51044,10.506610000000002,1100,900
24.06.2024 01:06:50.938,10.5105,10.506710000000002,1000,900
24.06.2024 01:06:51.690,10.510470000000002,10.506520000000002,1100,1000
24.06.2024 01:07:11.742,10.51043,10.506540000000001,800,800
24.06.2024 01:07:11.994,10.510480000000001,10.50674,1600,1100
24.06.2024 01:07:12.701,10.510530000000001,10.50717,1400,700
24.06.2024 01:07:13.254,10.5105,10.50713,1660.0001000000002,1600
24.06.2024 01:07:19.819,10.510959999999999,10.507240000000001,2560.0001,1000
24.06.2024 01:07:20.321,10.5109,10.50725,2060.0001,800
24.06.2024 01:07:23.884,10.51106,10.50722,2660.0001,1400
24.06.2024 01:07:24.236,10.51107,10.507249999999999,1660.0001000000002,900
24.06.2024 01:07:26.894,10.51131,10.50721,2560.0001,1000
24.06.2024 01:07:27.496,10.51123,10.50723,2060.0001,1500
24.06.2024 01:07:42.474,10.511310000000002,10.5076,2060.0001,1300
24.06.2024 01:07:43.079,10.511390000000002,10.50759,2060.0001,700
24.06.2024 01:07:43.584,10.511320000000001,10.507570000000001,2160.0001,1500
24.06.2024 01:07:46.093,10.511360000000002,10.50754,2260.0001,800
24.06.2024 01:07:46.395,10.51171,10.507670000000001,2160.0001,1000
24.06.2024 01:07:46.547,10.512010000000002,10.50817,2120,900
24.06.2024 01:07:46.598,10.512060000000002,10.508200000000002,2120,1100
24.06.2024 01:07:47.103,10.512640000000001,10.50821,2460.0001,1400
24.06.2024 01:07:47.506,10.512880000000001,10.508630000000002,2660.0001,1700
24.06.2024 01:07:47.607,10.51289,10.508630000000002,1860.0001000000002,1200
24.06.2024 01:07:47.658,10.512910000000002,10.508960000000002,1960.0001000000002,900
24.06.2024 01:07:47.910,10.51314,10.508920000000002,1720,900
24.06.2024 01:07:48.112,10.51314,10.50891,2220,1300
24.06.2024 01:07:48.616,10.513340000000001,10.508930000000001,2360.0001,1000
24.06.2024 01:07:48.768,10.513670000000001,10.50927,2360.0001,1200
24.06.2024 01:07:48.920,10.513690000000002,10.509000000000002,2660.0001,1200
24.06.2024 01:07:49.222,10.513700000000002,10.509000000000002,2060.0001,800
24.06.2024 01:07:50.330,10.513610000000002,10.508920000000002,1760.0001000000002,900
24.06.2024 01:07:51.084,10.51374,10.50954,2160.0001,900
24.06.2024 01:07:51.438,10.51373,10.50952,2560.0001,900
24.06.2024 01:07:51.539,10.513660000000002,10.50943,1760.0001000000002,800
24.06.2024 01:07:52.394,10.513720000000001,10.509140000000002,2460.0001,900
24.06.2024 01:07:52.647,10.513710000000001,10.509190000000002,2060.0001,800
24.06.2024 01:07:53.856,10.513710000000001,10.509160000000001,1960.0001000000002,1400
24.06.2024 01:07:54.409,10.513679999999999,10.50913,2160.0001,700
24.06.2024 01:07:55.415,10.51365,10.509140000000002,2360.0001,1200
24.06.2024 01:07:55.516,10.51365,10.50952,2660.0001,1600
24.06.2024 01:07:56.068,10.51363,10.509190000000002,2560.0001,1300
24.06.2024 01:07:56.822,10.51366,10.509190000000002,2460.0001,1100
24.06.2024 01:07:57.375,10.51366,10.509120000000001,1860.0001000000002,1600
24.06.2024 01:07:58.029,10.513639999999999,10.509120000000001,1960.0001000000002,1500
24.06.2024 01:07:59.587,10.513589999999999,10.509160000000001,2460.0001,1000
24.06.2024 01:08:00.191,10.51357,10.509160000000001,2460.0001,700
24.06.2024 01:08:00.292,10.513630000000001,10.50915,2060.0001,1100
24.06.2024 01:08:00.695,10.513570000000001,10.50919,2060.0001,900
24.06.2024 01:08:01.199,10.513570000000001,10.50916,1860.0001000000002,1500
24.06.2024 01:08:02.909,10.513610000000002,10.50915,2260.0001,1000
24.06.2024 01:08:03.514,10.513620000000001,10.50918,2160.0001,1200
24.06.2024 01:08:05.325,10.513660000000002,10.50916,2560.0001,700
24.06.2024 01:08:05.829,10.513570000000001,10.50911,2460.0001,1400
24.06.2024 01:08:06.836,10.513570000000001,10.50916,2360.0001,1100
24.06.2024 01:08:07.392,10.513620000000001,10.50917,2060.0001,800
24.06.2024 01:08:08.648,10.513650000000002,10.50915,2460.0001,800
24.06.2024 01:08:10.209,10.513570000000001,10.50913,2060.0001,1300
24.06.2024 01:08:10.913,10.51361,10.509150000000002,1860.0001000000002,1600
24.06.2024 01:08:11.633,10.513670000000001,10.50913,2560.0001,1400
24.06.2024 01:08:12.388,10.513620000000001,10.50914,2560.0001,1300
24.06.2024 01:08:13.042,10.51366,10.509630000000001,2360.0001,1300
24.06.2024 01:08:14.100,10.51369,10.509540000000001,1660.0001000000002,900
24.06.2024 01:08:15.907,10.51366,10.509530000000002,2360.0001,1000
24.06.2024 01:08:17.115,10.513660000000002,10.50957,2160.0001,1000
24.06.2024 01:08:18.421,10.5137,10.50955,1860.0001000000002,800
24.06.2024 01:08:18.926,10.51365,10.50955,1660.0001000000002,1000
24.06.2024 01:08:19.831,10.513720000000001,10.509620000000002,1960.0001000000002,900
24.06.2024 01:08:21.089,10.51371,10.509530000000002,1960.0001000000002,900
24.06.2024 01:08:23.347,10.5137,10.50957,2660.0001,1000
24.06.2024 01:08:24.708,10.51366,10.509580000000001,1960.0001000000002,1200
24.06.2024 01:08:25.211,10.513640000000002,10.509490000000001,1960.0001000000002,1400
24.06.2024 01:08:28.926,10.513660000000002,10.509490000000001,1960.0001000000002,1500
24.06.2024 01:08:31.338,10.513690000000002,10.50953,2060.0001,1500
24.06.2024 01:08:35.248,10.513670000000001,10.50947,1860.0001000000002,900
24.06.2024 01:08:36.503,10.513620000000001,10.50949,2560.0001,1100
24.06.2024 01:08:36.906,10.513860000000001,10.510209999999999,1920,1600
24.06.2024 01:08:37.008,10.51388,10.51019,2320,1500
24.06.2024 01:08:37.562,10.514340000000002,10.51024,1860.0001000000002,1200
24.06.2024 01:08:38.065,10.514130000000002,10.50984,1660.0001000000002,800
24.06.2024 01:08:38.617,10.514110000000002,10.509830000000001,2460.0001,700
24.06.2024 01:08:44.771,10.51411,10.50986,2260.0001,1300
24.06.2024 01:08:45.676,10.513930000000002,10.51007,2260.0001,1600
24.06.2024 01:08:46.379,10.51387,10.51003,1960.0001000000002,1700
24.06.2024 01:08:47.284,10.513940000000002,10.51012,1760.0001000000002,800
24.06.2024 01:08:48.788,10.513950000000001,10.509960000000001,2460.0001,1100
24.06.2024 01:08:51.497,10.51392,10.51002,2260.0001,1500
24.06.2024 01:08:52.149,10.51387,10.51003,1960.0001000000002,900
24.06.2024 01:08:52.653,10.513900000000001,10.510050000000001,2060.0001,1600
24.06.2024 01:08:52.704,10.51424,10.510050000000001,2060.0001,1200
24.06.2024 01:08:53.208,10.51426,10.51008,2460.0001,1200
24.06.2024 01:09:05.318,10.51431,10.51003,2260.0001,800
24.06.2024 01:09:05.821,10.514289999999999,10.51003,1760.0001000000002,1100
24.06.2024 01:09:08.332,10.514320000000001,10.51004,2560.0001,1000
24.06.2024 01:09:12.097,10.514520000000001,10.510399999999999,1960.0001000000002,1300
24.06.2024 01:09:12.601,10.514569999999999,10.510380000000001,2260.0001,1200
24.06.2024 01:09:16.711,10.514170000000002,10.51037,2060.0001,1400
24.06.2024 01:09:30.329,10.51409,10.51039,2460.0001,1700
24.06.2024 01:09:30.480,10.514310000000002,10.51032,2060.0001,1400
24.06.2024 01:09:30.734,10.514260000000002,10.510340000000001,2160.0001,1500
24.06.2024 01:09:30.885,10.51408,10.51033,2160.0001,1600
24.06.2024 01:09:34.748,10.514100000000001,10.51036,1760.0001000000002,1400
24.06.2024 01:09:35.250,10.51406,10.510320000000002,2660.0001,1100
24.06.2024 01:09:39.609,10.51416,10.510530000000001,1660.0001000000002,1600
24.06.2024 01:10:00.336,10.51417,10.51035,1760.0001000000002,1100
24.06.2024 01:10:00.387,10.514390000000002,10.51046,2160.0001,1400
24.06.2024 01:10:00.488,10.514190000000001,10.510370000000002,2360.0001,700
24.06.2024 01:10:00.589,10.51431,10.51041,2460.0001,1300
24.06.2024 01:10:00.791,10.514190000000001,10.510370000000002,2160.0001,1300
24.06.2024 01:10:01.294,10.514389999999999,10.510380000000001,2660.0001,1100
24.06.2024 01:10:01.598,10.51438,10.510460000000002,2060.0001,1200
24.06.2024 01:10:02.051,10.514710000000001,10.510880000000002,1760.0001000000002,700
24.06.2024 01:10:02.102,10.514710000000001,10.510890000000002,2560.0001,1600
24.06.2024 01:10:02.254,10.514380000000001,10.510600000000002,1760.0001000000002,1300
24.06.2024 01:10:02.658,10.5144,10.51058,2060.0001,1200
24.06.2024 01:10:02.810,10.51441,10.51046,2060.0001,1600
24.06.2024 01:10:03.213,10.51441,10.510440000000001,2360.0001,1500
24.06.2024 01:10:03.566,10.51458,10.510250000000001,2460.0001,1100
24.06.2024 01:10:03.768,10.51456,10.51026,2660.0001,800
24.06.2024 01:10:04.322,10.51456,10.51031,2660.0001,1000
24.06.2024 01:10:06.278,10.51459,10.51022,2460.0001,1400
24.06.2024 01:10:07.635,10.51458,10.51027,1960.0001000000002,800
24.06.2024 01:10:08.341,10.51463,10.51032,1860.0001000000002,900
24.06.2024 01:10:10.853,10.514569999999999,10.51026,2060.0001,1000
24.06.2024 01:10:12.110,10.51455,10.510250000000001,1860.0001000000002,1100
24.06.2024 01:10:13.215,10.514619999999999,10.51028,2360.0001,1600
24.06.2024 01:10:13.919,10.51459,10.510370000000002,1860.0001000000002,1500
24.06.2024 01:10:14.321,10.51458,10.510420000000002,1760.0001000000002,1200
24.06.2024 01:10:14.825,10.51463,10.510390000000001,1860.0001000000002,1100
24.06.2024 01:10:15.429,10.515039999999999,10.51076,1860.0001000000002,1700
24.06.2024 01:10:15.530,10.514740000000002,10.510900000000001,2460.0001,900
24.06.2024 01:10:16.386,10.514700000000001,10.51083,2660.0001,1500
24.06.2024 01:10:16.587,10.51462,10.510100000000001,2360.0001,700
24.06.2024 01:10:16.889,10.51454,10.51013,1760.0001000000002,1500
24.06.2024 01:10:17.693,10.51449,10.51037,1760.0001000000002,1000
24.06.2024 01:10:18.246,10.51441,10.5104,2060.0001,1200
24.06.2024 01:10:19.280,10.51446,10.5104,2260.0001,1600
24.06.2024 01:10:20.336,10.51448,10.510430000000001,1960.0001000000002,1700
24.06.2024 01:10:21.591,10.5144,10.51042,2260.0001,1100
24.06.2024 01:10:24.755,10.51441,10.51041,1760.0001000000002,900
24.06.2024 01:10:25.910,10.51443,10.51042,1860.0001000000002,1500
24.06.2024 01:10:26.463,10.51448,10.51036,2460.0001,900
24.06.2024 01:10:27.519,10.51446,10.51035,1860.0001000000002,900
24.06.2024 01:10:28.171,10.514420000000001,10.51036,2560.0001,1100
24.06.2024 01:10:28.273,10.51443,10.51037,2360.0001,800
24.06.2024 01:10:28.374,10.514610000000001,10.510420000000002,2260.0001,1600
24.06.2024 01:10:28.675,10.51462,10.51045,2160.0001,1500
24.06.2024 01:10:28.977,10.514400000000002,10.51037,1860.0001000000002,1100
24.06.2024 01:10:29.278,10.514600000000002,10.510420000000002,2460.0001,800
24.06.2024 01:10:40.916,10.514650000000001,10.51035,2560.0001,800
24.06.2024 01:10:50.899,10.51464,10.510380000000001,1960.0001000000002,800
24.06.2024 01:11:00.920,10.514610000000001,10.51035,1860.0001000000002,1200
24.06.2024 01:11:05.235,10.514560000000001,10.51068,1960.0001000000002,1700
24.06.2024 01:11:08.999,10.514340000000002,10.510660000000001,2660.0001,1600
24.06.2024 01:11:09.200,10.514320000000001,10.51064,1960.0001000000002,1000
24.06.2024 01:11:11.912,10.514899999999999,10.51051,2060.0001,1000
24.06.2024 01:11:12.164,10.514860000000002,10.510610000000002,1960.0001000000002,1400
24.06.2024 01:11:12.265,10.51489,10.510620000000001,1960.0001000000002,900
24.06.2024 01:11:13.771,10.51485,10.51063,1860.0001000000002,800
24.06.2024 01:11:14.825,10.51484,10.510640000000002,2360.0001,1200
24.06.2024 01:11:15.881,10.51485,10.51063,1860.0001000000002,1200
24.06.2024 01:11:17.337,10.51484,10.510600000000002,1860.0001000000002,1400
24.06.2024 01:11:18.943,10.51485,10.510590000000002,2560.0001,1500
24.06.2024 01:11:19.595,10.5149,10.51102,2060.0001,1500
24.06.2024 01:11:19.646,10.514780000000002,10.51101,2260.0001,1700
24.06.2024 01:11:20.099,10.51476,10.510950000000001,2360.0001,900
24.06.2024 01:11:20.602,10.51476,10.510990000000001,1960.0001000000002,1300
24.06.2024 01:11:20.905,10.51477,10.510940000000002,2660.0001,1400
24.06.2024 01:11:21.258,10.51477,10.51087,2360.0001,1700
24.06.2024 01:11:25.375,10.514790000000001,10.510940000000002,2360.0001,1000
24.06.2024 01:11:28.003,10.514949999999999,10.51091,2560.0001,1500
24.06.2024 01:11:28.205,10.51503,10.51091,1760.0001000000002,1000
24.06.2024 01:11:38.635,10.514959999999999,10.51088,2060.0001,1500
24.06.2024 01:11:39.688,10.51504,10.51087,2060.0001,1300
24.06.2024 01:11:39.789,10.515030000000001,10.51091,2060.0001,1000
24.06.2024 01:11:40.391,10.51501,10.51091,2260.0001,900
24.06.2024 01:11:41.548,10.515009999999998,10.510900000000001,2260.0001,1300
24.06.2024 01:11:42.702,10.514990000000001,10.510880000000002,1760.0001000000002,1700
24.06.2024 01:11:43.858,10.51496,10.510880000000002,2260.0001,1300
24.06.2024 01:11:45.565,10.51504,10.510900000000001,1860.0001000000002,800
24.06.2024 01:11:46.670,10.51501,10.51087,1960.0001000000002,1700
24.06.2024 01:11:48.375,10.51504,10.510880000000002,1660.0001000000002,1500
24.06.2024 01:11:49.479,10.51495,10.51087,2160.0001,800
24.06.2024 01:11:49.681,10.514990000000001,10.51092,2660.0001,1600
24.06.2024 01:11:51.035,10.51542,10.51111,2020,1000
24.06.2024 01:11:51.388,10.51542,10.51107,2220,1100
24.06.2024 01:11:53.148,10.51537,10.51104,2660.0001,800
24.06.2024 01:12:01.539,10.51539,10.511090000000001,1520,700
24.06.2024 01:12:05.206,10.515160000000002,10.51107,2360.0001,1300
24.06.2024 01:12:05.357,10.51486,10.51084,2060.0001,1000
24.06.2024 01:12:05.408,10.51487,10.51081,1960.0001000000002,1100
24.06.2024 01:12:12.282,10.51501,10.510790000000002,1660.0001000000002,1600
24.06.2024 01:12:19.870,10.51501,10.510740000000002,2060.0001,1500
24.06.2024 01:12:20.423,10.515,10.510750000000002,2160.0001,1000
24.06.2024 01:12:25.347,10.515060000000002,10.51071,1960.0001000000002,1400
24.06.2024 01:12:27.654,10.515090000000002,10.51071,1760.0001000000002,900
24.06.2024 01:12:28.658,10.515090000000002,10.51078,2560.0001,1000
24.06.2024 01:12:31.068,10.515060000000002,10.51072,2260.0001,1600
24.06.2024 01:12:31.988,10.515060000000002,10.51074,2060.0001,1600
24.06.2024 01:12:37.154,10.515050000000002,10.510810000000001,1760.0001000000002,1000
24.06.2024 01:12:41.223,10.515020000000002,10.51073,1960.0001000000002,1700
24.06.2024 01:12:47.852,10.515060000000002,10.51077,2160.0001,900
24.06.2024 01:12:51.966,10.514750000000001,10.510440000000001,2060.0001,800
24.06.2024 01:12:52.470,10.514750000000001,10.510399999999999,1860.0001000000002,1400
24.06.2024 01:12:53.775,10.51473,10.510430000000001,1960.0001000000002,800
24.06.2024 01:12:53.826,10.515220000000001,10.51107,1660.0001000000002,1300
24.06.2024 01:12:53.877,10.514930000000001,10.51063,1760.0001000000002,1700
24.06.2024 01:12:54.331,10.514850000000001,10.510650000000002,2160.0001,800
24.06.2024 01:12:55.587,10.514890000000001,10.510650000000002,1960.0001000000002,900
24.06.2024 01:12:56.792,10.514880000000002,10.510670000000001,2460.0001,1200
24.06.2024 01:12:57.948,10.51487,10.51068,2560.0001,800
24.06.2024 01:12:59.105,10.514840000000001,10.51068,2460.0001,1400
24.06.2024 01:13:00.159,10.51494,10.51097,1760.0001000000002,900
24.06.2024 01:13:00.260,10.51495,10.510990000000001,1860.0001000000002,800
24.06.2024 01:13:00.815,10.51493,10.51096,1660.0001000000002,1500
24.06.2024 01:13:04.879,10.51525,10.51107,2260.0001,1700
24.06.2024 01:13:06.087,10.51524,10.51108,2460.0001,1100
24.06.2024 01:13:06.667,10.515220000000001,10.5111,2660.0001,1100
24.06.2024 01:13:07.576,10.51528,10.51106,2260.0001,1300
24.06.2024 01:13:14.354,10.515340000000002,10.511470000000001,2660.0001,1500
24.06.2024 01:13:14.707,10.515310000000001,10.51152,2560.0001,1000
24.06.2024 01:13:16.561,10.515340000000002,10.51149,2260.0001,900
24.06.2024 01:13:17.264,10.515300000000002,10.51153,2360.0001,1500
24.06.2024 01:13:18.517,10.515320000000001,10.51149,2460.0001,900
24.06.2024 01:13:20.121,10.515360000000001,10.51145,2260.0001,1600
24.06.2024 01:13:20.623,10.51534,10.51153,2460.0001,900
24.06.2024 01:13:20.925,10.515310000000001,10.511460000000001,2560.0001,900
24.06.2024 01:13:21.377,10.51529,10.511500000000002,1660.0001000000002,1400
24.06.2024 01:13:21.929,10.515300000000002,10.51143,2360.0001,1700
24.06.2024 01:13:22.531,10.515350000000002,10.51149,2660.0001,700
24.06.2024 01:13:24.387,10.51529,10.511450000000002,1760.0001000000002,1300
24.06.2024 01:13:26.544,10.515320000000001,10.51148,1960.0001000000002,1200
24.06.2024 01:13:27.096,10.51529,10.511470000000001,2260.0001,800
24.06.2024 01:13:27.649,10.51528,10.51144,1760.0001000000002,1200
24.06.2024 01:13:28.301,10.51513,10.511460000000001,2460.0001,1000
24.06.2024 01:13:28.703,10.515110000000002,10.51148,2260.0001,1100
24.06.2024 01:13:29.406,10.51509,10.51147,2660.0001,1400
24.06.2024 01:13:30.159,10.515160000000002,10.51141,2560.0001,1300
24.06.2024 01:13:30.711,10.515170000000001,10.51144,2560.0001,1000
24.06.2024 01:13:39.339,10.515170000000001,10.51148,2660.0001,1600
24.06.2024 01:13:40.593,10.51515,10.51142,1860.0001000000002,1000
24.06.2024 01:13:42.427,10.515200000000002,10.51142,2060.0001,1700
24.06.2024 01:13:43.231,10.515150000000002,10.51149,2260.0001,800
24.06.2024 01:13:44.685,10.514990000000001,10.511440000000002,2660.0001,1400
24.06.2024 01:13:45.940,10.514940000000001,10.511440000000002,2160.0001,1300
24.06.2024 01:13:48.200,10.51539,10.511870000000002,2360.0001,1500
24.06.2024 01:13:48.452,10.51536,10.511780000000002,2260.0001,700
24.06.2024 01:13:49.705,10.51533,10.511840000000001,2160.0001,1300
24.06.2024 01:13:51.563,10.51522,10.51172,2260.0001,1100
24.06.2024 01:13:51.716,10.51491,10.511379999999999,1700,800
24.06.2024 01:13:51.924,10.51482,10.51137,2460.0001,700
24.06.2024 01:13:53.032,10.5151,10.511650000000001,1760.0001000000002,1300
24.06.2024 01:13:53.585,10.51514,10.511660000000001,2560.0001,900
24.06.2024 01:13:53.736,10.515450000000001,10.512030000000001,1760.0001000000002,1600
24.06.2024 01:13:54.090,10.515130000000001,10.51167,1300,1400
24.06.2024 01:13:54.141,10.515490000000002,10.51179,2060.0001,800
24.06.2024 01:13:54.743,10.515460000000001,10.51182,1860.0001000000002,1000
24.06.2024 01:13:55.095,10.51505,10.51162,1100,1600
24.06.2024 01:13:55.146,10.5155,10.511999999999999,2560.0001,1300
24.06.2024 01:13:55.196,10.51566,10.511360000000002,1659.9999,1300
24.06.2024 01:13:55.247,10.51553,10.51136,2260.0001,1500
24.06.2024 01:13:55.751,10.51549,10.5114,2160.0001,1000
24.06.2024 01:13:56.054,10.51571,10.51149,2560.0001,1100
24.06.2024 01:13:56.255,10.51577,10.51149,1860.0001000000002,1600
24.06.2024 01:13:56.508,10.51617,10.51185,2460.0001,1500
24.06.2024 01:13:56.610,10.51598,10.51233,2260.0001,1300
24.06.2024 01:13:56.711,10.515840000000003,10.512340000000002,2560.0001,800
24.06.2024 01:13:56.762,10.51581,10.512369999999999,2160.0001,1400
24.06.2024 01:13:56.813,10.516240000000002,10.512699999999999,1860.0001000000002,800
24.06.2024 01:13:57.015,10.51664,10.512080000000001,2120,1400
24.06.2024 01:13:57.217,10.51665,10.512540000000001,2120,1200
24.06.2024 01:13:57.267,10.516620000000001,10.512540000000001,2120,1400
24.06.2024 01:13:57.520,10.51735,10.513180000000002,1960.0001000000002,1300
24.06.2024 01:13:58.124,10.517550000000002,10.51364,1720,1100
24.06.2024 01:13:59.431,10.517610000000001,10.513630000000001,2320,1500
24.06.2024 01:14:00.586,10.51712,10.513590000000002,2660.0001,1500
24.06.2024 01:14:06.205,10.517140000000001,10.513570000000001,1660.0001000000002,1700
24.06.2024 01:14:07.133,10.51709,10.51315,1660.0001000000002,1500
24.06.2024 01:14:09.991,10.517390000000002,10.513480000000001,2060.0001,900
24.06.2024 01:14:10.094,10.51759,10.51367,2220,1500
24.06.2024 01:14:10.146,10.51762,10.51369,1520,1500
24.06.2024 01:14:10.203,10.51763,10.513720000000001,1920,1400
24.06.2024 01:14:10.657,10.517850000000001,10.51365,2260.0001,1300
24.06.2024 01:14:10.909,10.517800000000001,10.51365,2260.0001,700
24.06.2024 01:14:11.666,10.517809999999999,10.513720000000001,2660.0001,1500
24.06.2024 01:14:11.919,10.517520000000001,10.51365,2260.0001,1300
24.06.2024 01:14:12.171,10.51745,10.513610000000002,1760.0001000000002,700
24.06.2024 01:14:12.574,10.51782,10.51401,2060.0001,1400
24.06.2024 01:14:12.675,10.51781,10.51399,1960.0001000000002,1100
24.06.2024 01:14:12.977,10.51782,10.513890000000002,1359.9999,1400
24.06.2024 01:14:13.028,10.51786,10.5139,2260.0001,1600
24.06.2024 01:14:13.482,10.51787,10.51384,1960.0001000000002,1700
24.06.2024 01:14:13.987,10.517830000000002,10.51388,2560.0001,1600
24.06.2024 01:14:14.541,10.517660000000001,10.51391,2320,900
24.06.2024 01:14:15.597,10.517850000000001,10.51388,1760.0001000000002,1300
24.06.2024 01:14:16.654,10.517830000000002,10.51384,2660.0001,1400
24.06.2024 01:14:20.272,10.51763,10.51369,1720,1500
24.06.2024 01:14:20.323,10.517710000000001,10.51381,1420,1100
24.06.2024 01:14:21.280,10.51767,10.51373,1920,1200
24.06.2024 01:14:21.331,10.517710000000001,10.513800000000002,1720,1100
24.06.2024 01:14:21.737,10.51764,10.513790000000002,2020,1600
24.06.2024 01:14:22.896,10.51766,10.513810000000001,1820,1300
24.06.2024 01:14:23.198,10.51783,10.513930000000002,1959.9999,1100
24.06.2024 01:14:23.300,10.51794,10.51423,2020,900
24.06.2024 01:14:23.401,10.517960000000002,10.51428,2420,1300
24.06.2024 01:14:23.502,10.518030000000001,10.51423,2120,1400
24.06.2024 01:14:23.603,10.517980000000001,10.51409,2420,1600
24.06.2024 01:14:23.704,10.51804,10.51454,1820,1400
24.06.2024 01:14:23.906,10.51805,10.514520000000001,2120,1000
24.06.2024 01:14:24.008,10.51895,10.51487,1860.0001000000002,800
24.06.2024 01:14:24.159,10.51913,10.51519,1520,1300
24.06.2024 01:14:24.260,10.51906,10.515540000000001,2320,1700
24.06.2024 01:14:24.311,10.51908,10.51533,1920,1300
24.06.2024 01:14:24.413,10.51912,10.51525,1620,700
24.06.2024 01:14:24.514,10.51988,10.5158,1520,900
24.06.2024 01:14:24.615,10.51991,10.51565,1920,1500
24.06.2024 01:14:24.767,10.519860000000001,10.51595,2120,1100
24.06.2024 01:14:24.918,10.51986,10.515940000000002,2320,1300
24.06.2024 01:14:24.969,10.52087,10.51634,1520,900
24.06.2024 01:14:25.424,10.52086,10.51636,1720,900
24.06.2024 01:14:25.928,10.52105,10.51629,2260.0001,1700
24.06.2024 01:14:26.431,10.521040000000001,10.51637,1660.0001000000002,800
24.06.2024 01:14:26.935,10.52092,10.516820000000001,1720,800
24.06.2024 01:14:27.440,10.52129,10.516750000000002,2360.0001,800
24.06.2024 01:14:28.471,10.521230000000001,10.516740000000002,1860.0001000000002,1600
24.06.2024 01:14:29.125,10.52104,10.516740000000002,1620,1700
24.06.2024 01:14:38.473,10.52121,10.517090000000001,1860.0001000000002,900
24.06.2024 01:14:39.731,10.52091,10.516770000000001,1960.0001000000002,800
24.06.2024 01:14:40.235,10.520840000000002,10.51674,2260.0001,1400
24.06.2024 01:14:40.738,10.521159999999998,10.51718,2360.0001,1100
24.06.2024 01:14:40.789,10.521260000000002,10.517080000000002,2420,1600
24.06.2024 01:14:40.941,10.521450000000002,10.516420000000002,1720,1400
24.06.2024 01:14:41.244,10.521390000000002,10.516410000000002,2120,800
24.06.2024 01:14:41.345,10.52148,10.51631,1820,900
24.06.2024 01:14:41.547,10.521440000000002,10.51723,1720,1100
24.06.2024 01:14:41.648,10.52142,10.5168,1720,900
24.06.2024 01:14:41.749,10.521460000000001,10.516820000000001,2120,800
24.06.2024 01:14:42.302,10.521920000000001,10.516810000000001,1920,1100
24.06.2024 01:14:43.308,10.52186,10.51679,2120,1300
24.06.2024 01:14:44.365,10.52176,10.51684,1620,800
24.06.2024 01:14:45.370,10.5218,10.516409999999999,1760.0001000000002,1300
24.06.2024 01:14:45.924,10.521580000000002,10.516359999999999,1920,900
24.06.2024 01:14:46.428,10.52144,10.51635,2320,1200
24.06.2024 01:14:47.486,10.52163,10.51639,2420,1000
24.06.2024 01:14:48.743,10.521510000000001,10.516359999999999,1620,1000
24.06.2024 01:14:49.949,10.52165,10.516359999999999,1820,1600
24.06.2024 01:14:50.453,10.52133,10.51639,2120,1200
24.06.2024 01:14:50.605,10.52135,10.516580000000001,1660.0001000000002,1400
24.06.2024 01:14:50.906,10.52125,10.516580000000001,2260.0001,1000
24.06.2024 01:14:51.510,10.521270000000001,10.51659,2360.0001,1200
24.06.2024 01:14:53.272,10.521320000000001,10.516530000000001,1960.0001000000002,1600
24.06.2024 01:14:54.378,10.521310000000001,10.516530000000001,1960.0001000000002,1000
24.06.2024 01:14:55.030,10.521310000000001,10.516620000000001,1860.0001000000002,1200
24.06.2024 01:14:56.189,10.521320000000001,10.516620000000001,1860.0001000000002,900
24.06.2024 01:14:57.499,10.5213,10.5166,2360.0001,800
24.06.2024 01:14:58.052,10.52126,10.516580000000001,2360.0001,800
24.06.2024 01:14:59.178,10.521700000000001,10.51707,2360.0001,1100
24.06.2024 01:14:59.280,10.52168,10.51707,1960.0001000000002,1200
24.06.2024 01:15:00.335,10.52171,10.51707,2360.0001,800
24.06.2024 01:15:00.688,10.52165,10.516910000000001,1860.0001000000002,800
24.06.2024 01:15:00.789,10.521709999999999,10.51698,2160.0001,1200
24.06.2024 01:15:01.095,10.52177,10.51728,2560.0001,1200
24.06.2024 01:15:01.196,10.52172,10.5169,2460.0001,1000
24.06.2024 01:15:01.247,10.522089999999999,10.517190000000001,1520,1400
24.06.2024 01:15:01.348,10.52209,10.51776,1920,800
24.06.2024 01:15:01.550,10.522280000000002,10.51701,1620,900
24.06.2024 01:15:01.701,10.522350000000001,10.51777,1820,900
24.06.2024 01:15:01.803,10.5221,10.51787,1960.0001000000002,1500
24.06.2024 01:15:01.904,10.522409999999999,10.51754,1720,1000
24.06.2024 01:15:02.307,10.52244,10.51759,2020,900
24.06.2024 01:15:02.458,10.522850000000002,10.51805,2460.0001,1400
24.06.2024 01:15:02.811,10.522780000000001,10.51809,2160.0001,1500
24.06.2024 01:15:03.366,10.52312,10.51852,1720,1600
24.06.2024 01:15:03.568,10.5234,10.5184,2120,800
24.06.2024 01:15:03.870,10.523480000000001,10.51844,2320,1200
24.06.2024 01:15:04.879,10.5236,10.518419999999999,2060.0001,1600
24.06.2024 01:15:05.081,10.523710000000001,10.51872,2260.0001,1600
24.06.2024 01:15:05.182,10.52383,10.51913,1720,1600
24.06.2024 01:15:05.384,10.52383,10.51918,1620,1200
24.06.2024 01:15:05.939,10.52408,10.5191,1760.0001000000002,900
24.06.2024 01:15:06.242,10.52419,10.51882,1520,1200
24.06.2024 01:15:06.293,10.52388,10.519260000000001,1660.0001000000002,1600
24.06.2024 01:15:07.199,10.524080000000001,10.51914,1760.0001000000002,900
24.06.2024 01:15:08.658,10.523790000000002,10.51975,2560.0001,1500
24.06.2024 01:15:08.709,10.524180000000001,10.51959,2420,1100
24.06.2024 01:15:09.771,10.52385,10.5195,1960.0001000000002,1400
24.06.2024 01:15:09.973,10.52391,10.519480000000001,2560.0001,1600
24.06.2024 01:15:10.024,10.524230000000001,10.519820000000001,2420,1000
24.06.2024 01:15:10.579,10.52419,10.51978,1720,800
24.06.2024 01:15:11.084,10.5243,10.520150000000001,2420,1200
24.06.2024 01:15:11.135,10.52426,10.51985,2220,1700
24.06.2024 01:15:11.337,10.524149999999999,10.52012,2660.0001,1200
24.06.2024 01:15:11.489,10.52405,10.519870000000001,2060.0001,1500
24.06.2024 01:15:11.590,10.524080000000001,10.51984,2560.0001,1000
24.06.2024 01:15:12.145,10.5241,10.51984,2560.0001,1700
24.06.2024 01:15:13.002,10.52448,10.52035,2020,1100
24.06.2024 01:15:14.262,10.52412,10.52014,2560.0001,1600
24.06.2024 01:15:15.270,10.5241,10.52011,1760.0001000000002,1300
24.06.2024 01:15:15.772,10.52412,10.52013,2360.0001,1100
24.06.2024 01:15:17.091,10.52425,10.520150000000001,2020,1500
24.06.2024 01:15:17.997,10.52416,10.520290000000001,2360.0001,1500
24.06.2024 01:15:18.299,10.524280000000001,10.52015,2320,800
24.06.2024 01:15:18.451,10.524280000000001,10.52014,1720,1100
24.06.2024 01:15:18.955,10.5245,10.520109999999999,2460.0001,1200
24.06.2024 01:15:19.410,10.524690000000001,10.51986,1659.9999,1500
24.06.2024 01:15:19.461,10.5245,10.52007,1860.0001000000002,1200
24.06.2024 01:15:19.965,10.52446,10.52013,2320,1200
24.06.2024 01:15:20.066,10.52405,10.52012,1860.0001000000002,1700
24.06.2024 01:15:20.218,10.52429,10.520440000000002,1620,1300
24.06.2024 01:15:20.471,10.524310000000002,10.520460000000002,1620,1000
24.06.2024 01:15:20.773,10.52416,10.5201,2060.0001,1600
24.06.2024 01:15:22.080,10.52409,10.52004,1760.0001000000002,1600
24.06.2024 01:15:23.488,10.52411,10.52012,1860.0001000000002,1300
24.06.2024 01:15:24.042,10.52411,10.5201,1760.0001000000002,1100
24.06.2024 01:15:25.098,10.52407,10.52008,2360.0001,1000
24.06.2024 01:15:26.104,10.523950000000001,10.520150000000001,1760.0001000000002,700
24.06.2024 01:15:26.205,10.523950000000001,10.52013,2460.0001,1500
24.06.2024 01:15:26.456,10.52418,10.520100000000001,2360.0001,1400
24.06.2024 01:15:26.708,10.52414,10.52013,2060.0001,1400
24.06.2024 01:15:27.212,10.52414,10.52009,1760.0001000000002,700
24.06.2024 01:15:27.614,10.523940000000001,10.52013,2160.0001,1200
24.06.2024 01:15:27.816,10.523980000000002,10.520100000000001,2460.0001,1100
24.06.2024 01:15:28.822,10.52426,10.520209999999999,1860.0001000000002,1000
24.06.2024 01:15:28.974,10.5243,10.52017,2360.0001,1300
24.06.2024 01:15:29.125,10.52401,10.520360000000002,2560.0001,700
24.06.2024 01:15:29.328,10.5245,10.52073,1660.0001000000002,1300
24.06.2024 01:15:29.479,10.52453,10.52079,2360.0001,900
24.06.2024 01:15:29.933,10.52399,10.5203,1300,1200
24.06.2024 01:15:29.984,10.524000000000001,10.520330000000001,2160.0001,1000
24.06.2024 01:15:30.488,10.52407,10.520320000000002,1760.0001000000002,1100
24.06.2024 01:15:31.544,10.52404,10.520320000000002,2260.0001,900
24.06.2024 01:15:31.645,10.52382,10.51992,1760.0001000000002,900
24.06.2024 01:15:32.249,10.524099999999999,10.519910000000001,1660.0001000000002,1500
24.06.2024 01:15:32.300,10.52441,10.519910000000001,2320,800
24.06.2024 01:15:32.401,10.52441,10.520350000000002,1720,1400
24.06.2024 01:15:32.603,10.52416,10.52047,1760.0001000000002,1400
24.06.2024 01:15:33.127,10.524130000000001,10.520430000000001,2260.0001,800
24.06.2024 01:15:33.630,10.5241,10.520480000000001,2160.0001,1600
24.06.2024 01:15:34.284,10.524190000000003,10.5204,2660.0001,1400
24.06.2024 01:15:34.687,10.524180000000001,10.52039,2160.0001,1000
24.06.2024 01:15:35.090,10.52449,10.52072,1420,1500
24.06.2024 01:15:35.191,10.52447,10.520760000000001,1520,1400
24.06.2024 01:15:35.746,10.52451,10.52074,1660.0001000000002,800
24.06.2024 01:15:36.250,10.52446,10.52075,1960.0001000000002,1000
24.06.2024 01:15:36.854,10.52446,10.52082,2560.0001,1100
24.06.2024 01:15:37.359,10.5245,10.52075,2360.0001,1200
24.06.2024 01:15:38.517,10.524510000000001,10.52077,2030.0001000000002,1500
24.06.2024 01:15:40.327,10.52426,10.52078,2220,900
24.06.2024 01:15:40.830,10.52449,10.520760000000001,1159.9999,1300
24.06.2024 01:15:41.585,10.524109999999999,10.52027,1660.0001000000002,800
24.06.2024 01:15:41.636,10.52431,10.520080000000002,2120,900
24.06.2024 01:15:41.686,10.52429,10.520230000000002,2320,1300
24.06.2024 01:15:41.788,10.52433,10.5207,2120,800
24.06.2024 01:15:41.939,10.524280000000001,10.520669999999999,1520,700
24.06.2024 01:15:42.091,10.52443,10.520760000000001,1760.0001000000002,1200
24.06.2024 01:15:42.142,10.52422,10.51959,1960.0001000000002,1100
24.06.2024 01:15:42.445,10.524189999999999,10.51953,1660.0001000000002,800
24.06.2024 01:15:42.748,10.524510000000001,10.519680000000001,1659.9999,1100
24.06.2024 01:15:42.849,10.52449,10.52068,2320,1100
24.06.2024 01:15:42.950,10.52449,10.52093,2120,1100
24.06.2024 01:15:43.002,10.52449,10.520540000000002,1920,1600
24.06.2024 01:15:43.455,10.524610000000001,10.520540000000002,2460.0001,1600
24.06.2024 01:15:45.166,10.524600000000001,10.52047,2260.0001,1300
24.06.2024 01:15:45.518,10.52462,10.52047,2060.0001,900
24.06.2024 01:15:52.219,10.525,10.52065,2160.0001,800
24.06.2024 01:15:52.320,10.52537,10.520909999999999,2120,1200
24.06.2024 01:15:52.522,10.525350000000001,10.52088,1920,1400
24.06.2024 01:15:52.926,10.52613,10.52173,2320,1000
24.06.2024 01:15:53.027,10.52609,10.52174,1820,1100
24.06.2024 01:15:53.229,10.526560000000002,10.521519999999999,2260.0001,1100
24.06.2024 01:15:53.531,10.526610000000002,10.52149,2360.0001,1200
24.06.2024 01:15:54.086,10.526520000000001,10.52151,2360.0001,1300
24.06.2024 01:15:54.590,10.52707,10.52206,2160.0001,700
24.06.2024 01:15:55.094,10.52683,10.52206,1820,1500
24.06.2024 01:15:55.195,10.527050000000001,10.52248,2260.0001,1200
24.06.2024 01:15:55.650,10.527110000000002,10.522430000000002,2660.0001,1700
24.06.2024 01:15:56.054,10.527300000000002,10.52278,1920,800
24.06.2024 01:15:56.155,10.527240000000003,10.523090000000002,2120,1200
24.06.2024 01:15:56.710,10.527849999999999,10.523080000000002,1620,1000
24.06.2024 01:15:58.223,10.52797,10.52312,2360.0001,700
24.06.2024 01:15:58.576,10.528,10.52352,1620,1700
24.06.2024 01:15:58.728,10.52802,10.52342,2020,1400
24.06.2024 01:15:59.232,10.528020000000001,10.52348,1860.0001000000002,1100
24.06.2024 01:15:59.787,10.52799,10.523470000000001,2360.0001,1000
24.06.2024 01:16:00.191,10.52824,10.52343,2460.0001,1300
24.06.2024 01:16:00.344,10.528310000000001,10.52343,1860.0001000000002,1000
24.06.2024 01:16:02.310,10.52812,10.52342,1920,1200
24.06.2024 01:16:03.368,10.527970000000002,10.52339,2020,1500
24.06.2024 01:16:04.878,10.528270000000001,10.523359999999998,1720,1100
24.06.2024 01:16:05.382,10.528040000000003,10.52344,1820,1600
24.06.2024 01:16:06.491,10.52823,10.523440000000003,2320,1300
24.06.2024 01:16:07.347,10.52814,10.523090000000002,2260.0001,1000
24.06.2024 01:16:07.499,10.52813,10.523030000000002,2360.0001,1200
24.06.2024 01:16:08.356,10.527910000000002,10.523090000000002,2560.0001,1600
24.06.2024 01:16:10.067,10.527920000000002,10.523140000000001,2560.0001,1400
24.06.2024 01:16:10.572,10.527940000000001,10.52312,2460.0001,1000
24.06.2024 01:16:11.125,10.5279,10.523100000000001,2260.0001,1500
24.06.2024 01:16:12.182,10.527940000000001,10.52311,2460.0001,800
24.06.2024 01:16:12.737,10.52809,10.523390000000001,2020,1600
24.06.2024 01:16:13.744,10.52801,10.523470000000001,1820,1000
24.06.2024 01:16:14.248,10.52795,10.52346,2220,1500
24.06.2024 01:16:14.752,10.528050000000002,10.523470000000001,2220,1200
24.06.2024 01:16:15.768,10.52805,10.523430000000001,1920,1200
24.06.2024 01:16:16.019,10.528110000000002,10.52341,2020,1000
24.06.2024 01:16:16.625,10.52806,10.52344,1860.0001000000002,1200
24.06.2024 01:16:16.928,10.528200000000002,10.523290000000001,2420,1400
24.06.2024 01:16:17.431,10.528170000000001,10.523360000000002,2320,1000
24.06.2024 01:16:18.538,10.528270000000001,10.523380000000001,1760.0001000000002,800
24.06.2024 01:16:19.192,10.528020000000001,10.52335,1420,1500
24.06.2024 01:16:19.695,10.52805,10.52335,1620,1500
24.06.2024 01:16:20.199,10.52799,10.523340000000001,1620,1000
24.06.2024 01:16:20.754,10.52796,10.523320000000002,2320,900
24.06.2024 01:16:24.123,10.52791,10.523280000000002,2320,1000
24.06.2024 01:16:24.678,10.52786,10.52339,2220,1600
24.06.2024 01:16:25.736,10.528220000000001,10.52333,1720,1700
24.06.2024 01:16:26.240,10.528210000000001,10.523280000000002,2320,900
24.06.2024 01:16:27.499,10.52829,10.52335,2460.0001,1200
24.06.2024 01:16:28.004,10.528050000000002,10.52335,2420,800
24.06.2024 01:16:29.512,10.5279,10.523280000000002,2120,1000
24.06.2024 01:16:29.815,10.5279,10.52303,2560.0001,1400
24.06.2024 01:16:30.017,10.52792,10.52299,1760.0001000000002,1200
24.06.2024 01:16:30.219,10.52809,10.52309,2120,1500
24.06.2024 01:16:30.924,10.527830000000002,10.52316,1660.0001000000002,1200
24.06.2024 01:16:31.478,10.527890000000001,10.523390000000001,1860.0001000000002,800
24.06.2024 01:16:31.579,10.52782,10.523240000000001,1660.0001000000002,1500
24.06.2024 01:16:32.083,10.52805,10.523230000000002,2120,1100
24.06.2024 01:16:33.191,10.527650000000001,10.523200000000001,1420,1000
24.06.2024 01:16:33.795,10.527800000000001,10.52321,1620,800
24.06.2024 01:16:34.500,10.52782,10.522920000000001,1820,1200
24.06.2024 01:16:34.954,10.52787,10.52293,1920,1500
24.06.2024 01:16:35.559,10.52777,10.52244,1760.0001000000002,1600
24.06.2024 01:16:35.611,10.5276,10.52298,2320,1200
24.06.2024 01:16:36.065,10.52762,10.523,2420,1100
24.06.2024 01:16:37.221,10.527810000000002,10.52296,2320,900
24.06.2024 01:16:38.228,10.52772,10.52297,1820,700
24.06.2024 01:16:38.732,10.52792,10.523019999999999,2220,1600
24.06.2024 01:16:39.839,10.528,10.52299,2320,1400
24.06.2024 01:16:40.342,10.52782,10.52312,2420,1200
24.06.2024 01:16:41.361,10.52777,10.52342,1720,1100
24.06.2024 01:16:41.512,10.527780000000002,10.52334,1620,1000
24.06.2024 01:16:42.166,10.528070000000001,10.523399999999999,1420,1000
24.06.2024 01:16:44.530,10.528120000000001,10.52339,1720,1200
24.06.2024 01:16:44.833,10.52838,10.523760000000001,1720,900
24.06.2024 01:16:44.884,10.528250000000002,10.52356,2360.0001,1000
24.06.2024 01:16:45.589,10.528240000000002,10.52361,2360.0001,1100
24.06.2024 01:16:46.244,10.52843,10.52387,2020,900
24.06.2024 01:16:46.345,10.528360000000001,10.52431,1620,1300
24.06.2024 01:16:46.396,10.52837,10.523950000000001,1820,1300
24.06.2024 01:16:46.447,10.528440000000002,10.524080000000001,1720,1000
24.06.2024 01:16:46.599,10.528450000000001,10.524120000000002,2020,1400
24.06.2024 01:16:46.700,10.528390000000002,10.524150000000002,1520,1400
24.06.2024 01:16:47.103,10.52857,10.524180000000001,2120,1400
24.06.2024 01:16:47.154,10.52865,10.52474,1920,1500
24.06.2024 01:16:47.205,10.52858,10.52438,1520,800
24.06.2024 01:16:47.256,10.52863,10.52407,2020,1500
24.06.2024 01:16:47.307,10.529000000000002,10.52438,1620,1200
24.06.2024 01:16:47.610,10.528960000000001,10.52488,1520,900
24.06.2024 01:16:47.711,10.529000000000002,10.52477,2120,1500
24.06.2024 01:16:48.114,10.52904,10.52511,1620,1000
24.06.2024 01:16:48.216,10.52901,10.52464,1520,1500
24.06.2024 01:16:49.727,10.52902,10.52456,1720,1400
24.06.2024 01:16:50.282,10.52905,10.5246,1920,900
24.06.2024 01:16:50.534,10.52899,10.524650000000001,2420,1200
24.06.2024 01:16:54.862,10.529010000000001,10.52439,1820,1000
24.06.2024 01:16:57.275,10.52905,10.524650000000001,2120,1300
24.06.2024 01:16:59.637,10.52899,10.52471,2320,1300
24.06.2024 01:17:00.695,10.52903,10.524500000000002,2120,1000
24.06.2024 01:17:00.896,10.529060000000001,10.52461,2120,1700
24.06.2024 01:17:01.149,10.529050000000002,10.524610000000001,2420,700
24.06.2024 01:17:01.704,10.52903,10.52463,1920,800
24.06.2024 01:17:02.359,10.529060000000001,10.52441,2320,1500
24.06.2024 01:17:02.762,10.529000000000002,10.5246,1820,1000
24.06.2024 01:17:03.064,10.529020000000001,10.524420000000001,1620,1700
24.06.2024 01:17:03.266,10.52899,10.52436,2420,1000
24.06.2024 01:17:03.317,10.52904,10.52463,1420,1600
24.06.2024 01:17:03.796,10.529020000000001,10.52458,1920,800
24.06.2024 01:17:05.456,10.52903,10.52463,2120,1600
24.06.2024 01:17:05.860,10.52902,10.52453,1820,1200
24.06.2024 01:17:06.014,10.52897,10.52453,1620,1300
24.06.2024 01:17:08.378,10.529020000000001,10.52458,1820,1700
24.06.2024 01:17:08.881,10.528770000000002,10.524600000000001,1520,1300
24.06.2024 01:17:11.497,10.52898,10.52453,2320,1600
24.06.2024 01:17:12.152,10.52872,10.524550000000001,1720,1000
24.06.2024 01:17:14.366,10.52896,10.52467,1520,1400
24.06.2024 01:17:14.518,10.528970000000001,10.52447,1920,1500
24.06.2024 01:17:15.022,10.52898,10.524690000000001,1620,800
24.06.2024 01:17:15.778,10.52903,10.524690000000001,1620,800
24.06.2024 01:17:16.737,10.52895,10.524510000000001,1720,700
24.06.2024 01:17:22.064,10.528839999999999,10.524140000000001,1760.0001000000002,1400
24.06.2024 01:17:22.669,10.528790000000003,10.52407,2220,700
24.06.2024 01:17:23.526,10.528970000000001,10.524170000000002,2220,1500
24.06.2024 01:17:23.727,10.52889,10.524210000000002,1660.0001000000002,900
24.06.2024 01:17:24.232,10.528990000000002,10.524150000000002,1720,1000
24.06.2024 01:17:24.736,10.52856,10.524180000000001,2320,1600
24.06.2024 01:17:25.843,10.52892,10.52416,1620,1500
24.06.2024 01:17:26.647,10.529010000000001,10.524160000000002,2320,1400
24.06.2024 01:17:28.214,10.528850000000002,10.524110000000002,2220,800
24.06.2024 01:17:28.668,10.528559999999999,10.524150000000002,1720,700
24.06.2024 01:17:29.222,10.52884,10.52454,1820,1100
24.06.2024 01:17:29.323,10.528780000000001,10.52424,1720,1600
24.06.2024 01:17:29.726,10.52882,10.524270000000001,1620,1600
24.06.2024 01:17:30.886,10.528599999999999,10.524260000000002,1920,1000
24.06.2024 01:17:31.944,10.52873,10.524280000000001,2120,1600
24.06.2024 01:17:33.302,10.52862,10.52424,1520,1600
24.06.2024 01:17:33.806,10.528440000000002,10.52419,1620,1300
24.06.2024 01:17:34.309,10.52865,10.524180000000001,1920,900
24.06.2024 01:17:34.661,10.52853,10.52448,1920,800
24.06.2024 01:17:34.812,10.528459999999999,10.52449,1620,1100
24.06.2024 01:17:35.216,10.52876,10.5242,2220,1400
24.06.2024 01:17:35.920,10.52871,10.524159999999998,1620,900
24.06.2024 01:17:36.828,10.52876,10.52413,1620,700
24.06.2024 01:17:36.929,10.52872,10.52388,1420,1300
24.06.2024 01:17:37.383,10.52899,10.5239,1720,1300
24.06.2024 01:17:39.546,10.528960000000001,10.5239,1620,1200
24.06.2024 01:17:40.703,10.528860000000002,10.52389,2260.0001,1600
24.06.2024 01:17:41.810,10.52896,10.52384,1920,1300
24.06.2024 01:17:42.364,10.52883,10.523909999999999,1920,1400
24.06.2024 01:17:44.579,10.52872,10.52383,1620,1500
24.06.2024 01:17:45.082,10.52887,10.52429,2120,1200
24.06.2024 01:17:45.635,10.528820000000001,10.524320000000001,1620,900
24.06.2024 01:17:46.639,10.52894,10.524280000000001,2320,1100
24.06.2024 01:17:47.243,10.52898,10.52425,1720,1300
24.06.2024 01:17:49.457,10.52893,10.524320000000001,1920,1500
24.06.2024 01:17:49.960,10.52898,10.524320000000001,2220,1600
24.06.2024 01:17:50.465,10.528910000000002,10.52425,2120,1500
24.06.2024 01:17:51.020,10.52909,10.52429,2420,900
24.06.2024 01:17:52.026,10.52903,10.52424,1420,1400
24.06.2024 01:17:52.580,10.52904,10.52425,2220,1700
24.06.2024 01:17:53.359,10.529020000000001,10.523959999999999,2020,1200
24.06.2024 01:17:53.611,10.529060000000001,10.5239,1720,1200
24.06.2024 01:17:54.116,10.52902,10.52394,2120,900
24.06.2024 01:17:54.220,10.52896,10.524410000000001,2020,1000
24.06.2024 01:17:54.623,10.528960000000001,10.5244,1420,1700
24.06.2024 01:17:55.628,10.52904,10.52448,2020,800
24.06.2024 01:17:56.131,10.528990000000002,10.52446,1720,1300
24.06.2024 01:17:57.136,10.529010000000001,10.52444,1420,1400
24.06.2024 01:17:58.595,10.52896,10.52448,1820,1100
24.06.2024 01:17:59.248,10.529010000000001,10.52444,2120,1700
24.06.2024 01:17:59.800,10.529010000000001,10.52441,1620,900
24.06.2024 01:18:00.303,10.529010000000001,10.52448,2120,1500
24.06.2024 01:18:00.808,10.528960000000001,10.52448,2020,800
24.06.2024 01:18:00.909,10.5289,10.52377,1720,1200
24.06.2024 01:18:01.363,10.528970000000001,10.52377,2460.0001,800
24.06.2024 01:18:01.564,10.52896,10.52385,2560.0001,1600
24.06.2024 01:18:01.968,10.52891,10.52384,2260.0001,1500
24.06.2024 01:18:02.372,10.52885,10.5241,2060.0001,1500
24.06.2024 01:18:02.775,10.52899,10.52386,2560.0001,1000
24.06.2024 01:18:03.077,10.52895,10.52385,1660.0001000000002,1100
24.06.2024 01:18:05.546,10.5289,10.52435,2260.0001,1000
24.06.2024 01:18:05.849,10.528839999999999,10.524020000000002,2360.0001,1400
24.06.2024 01:18:06.452,10.528839999999999,10.524060000000002,1860.0001000000002,800
24.06.2024 01:18:06.955,10.52891,10.523980000000002,2160.0001,900
24.06.2024 01:18:08.211,10.52891,10.524020000000002,1960.0001000000002,1300
24.06.2024 01:18:09.771,10.52884,10.52402,2560.0001,1300
24.06.2024 01:18:10.880,10.52884,10.52396,2660.0001,1200
24.06.2024 01:18:11.887,10.52884,10.52396,1660.0001000000002,1500
24.06.2024 01:18:13.094,10.52886,10.52398,2060.0001,1600
24.06.2024 01:18:15.359,10.528780000000001,10.52397,1960.0001000000002,1300
24.06.2024 01:18:15.561,10.52869,10.52346,1860.0001000000002,700
24.06.2024 01:18:15.864,10.528759999999998,10.52345,2360.0001,800
24.06.2024 01:18:16.419,10.52873,10.52345,2560.0001,1400
24.06.2024 01:18:17.395,10.52877,10.52345,1660.0001000000002,1300
24.06.2024 01:18:17.546,10.52879,10.52405,2020,1400
24.06.2024 01:18:17.999,10.528830000000001,10.523990000000001,1520,1600
24.06.2024 01:18:19.358,10.528970000000001,10.5244,2220,1500
24.06.2024 01:18:19.961,10.52873,10.523940000000001,2460.0001,1100
24.06.2024 01:18:20.113,10.52867,10.523940000000001,2560.0001,900
24.06.2024 01:18:22.780,10.52872,10.52397,2060.0001,1100
24.06.2024 01:18:23.836,10.52874,10.523950000000001,2660.0001,800
24.06.2024 01:18:25.091,10.52885,10.52403,2460.0001,1400
24.06.2024 01:18:28.813,10.528880000000001,10.523670000000001,2460.0001,1400
24.06.2024 01:18:29.968,10.528590000000001,10.52363,2060.0001,900
24.06.2024 01:18:30.472,10.528670000000002,10.52362,2160.0001,900
24.06.2024 01:18:32.183,10.528670000000002,10.52361,2360.0001,800
24.06.2024 01:18:32.788,10.52824,10.52327,2560.0001,800
24.06.2024 01:18:33.192,10.52825,10.52324,2060.0001,800
24.06.2024 01:18:33.698,10.528260000000001,10.523220000000002,2660.0001,1600
24.06.2024 01:18:33.799,10.528550000000001,10.52366,2120,1500
24.06.2024 01:18:34.505,10.528590000000001,10.52366,2160.0001,700
24.06.2024 01:18:35.009,10.528660000000002,10.52361,1660.0001000000002,800
24.06.2024 01:18:35.513,10.528640000000001,10.52368,2560.0001,1300
24.06.2024 01:18:37.072,10.528640000000001,10.52359,2160.0001,1500
24.06.2024 01:18:38.281,10.52862,10.52366,2560.0001,1500
24.06.2024 01:18:38.835,10.528640000000001,10.52368,2360.0001,900
24.06.2024 01:18:39.389,10.528680000000001,10.52363,2560.0001,700
24.06.2024 01:18:39.893,10.528630000000001,10.52359,1760.0001000000002,1700
24.06.2024 01:18:42.594,10.52862,10.5237,2360.0001,1200
24.06.2024 01:18:43.601,10.52865,10.52364,2460.0001,900
24.06.2024 01:18:44.058,10.528060000000002,10.52361,2360.0001,1500
24.06.2024 01:18:44.159,10.528070000000001,10.52358,1760.0001000000002,1000
24.06.2024 01:18:45.019,10.52772,10.523270000000002,1760.0001000000002,900
24.06.2024 01:18:45.272,10.527700000000001,10.52321,1760.0001000000002,1100
24.06.2024 01:18:45.524,10.528139999999999,10.52322,2460.0001,1400
24.06.2024 01:18:46.329,10.528129999999999,10.52316,2160.0001,1100
24.06.2024 01:18:47.385,10.52816,10.52318,2260.0001,1500
24.06.2024 01:18:48.642,10.52812,10.523200000000001,1760.0001000000002,1200
24.06.2024 01:18:49.652,10.52817,10.523240000000001,1860.0001000000002,1400
24.06.2024 01:18:50.408,10.52808,10.52317,2460.0001,800
24.06.2024 01:18:52.976,10.528120000000001,10.52317,1660.0001000000002,1700
24.06.2024 01:18:54.183,10.528129999999999,10.52325,2160.0001,900
24.06.2024 01:18:55.340,10.52812,10.523240000000001,1960.0001000000002,1600
24.06.2024 01:18:56.449,10.52811,10.523200000000001,2460.0001,1200
24.06.2024 01:18:57.054,10.52812,10.52318,1960.0001000000002,1000
24.06.2024 01:18:57.558,10.52811,10.52318,1960.0001000000002,1600
24.06.2024 01:18:59.120,10.528139999999999,10.52323,2360.0001,1500
24.06.2024 01:19:00.379,10.528089999999999,10.52322,1960.0001000000002,1100
24.06.2024 01:19:01.436,10.52804,10.52326,2260.0001,1000
24.06.2024 01:19:02.342,10.528430000000002,10.52363,2360.0001,1200
24.06.2024 01:19:02.494,10.528400000000001,10.523660000000001,1960.0001000000002,1600
24.06.2024 01:19:03.598,10.52856,10.52336,2220,800
24.06.2024 01:19:04.104,10.528490000000001,10.52342,1420,1600
24.06.2024 01:19:05.310,10.52861,10.523380000000001,2060.0001,800
24.06.2024 01:19:05.814,10.52858,10.52386,2120,1000
24.06.2024 01:19:06.970,10.52862,10.52382,1620,1000
24.06.2024 01:19:09.884,10.528550000000001,10.523880000000002,2120,1100
24.06.2024 01:19:11.365,10.528500000000001,10.522969999999999,1820,1000
24.06.2024 01:19:11.416,10.52853,10.52298,2320,1400
24.06.2024 01:19:11.567,10.52847,10.523050000000001,1520,1400
24.06.2024 01:19:12.472,10.52848,10.523060000000001,2120,1300
24.06.2024 01:19:13.326,10.52813,10.522590000000001,2660.0001,800
24.06.2024 01:19:13.580,10.52815,10.522610000000002,1960.0001000000002,1400
24.06.2024 01:19:13.681,10.52823,10.52319,1920,1700
24.06.2024 01:19:14.135,10.52846,10.52319,1660.0001000000002,1300
24.06.2024 01:19:14.438,10.52838,10.523859999999999,2560.0001,1000
24.06.2024 01:19:14.640,10.52843,10.52392,2160.0001,1400
24.06.2024 01:19:15.748,10.52838,10.52384,2560.0001,900
24.06.2024 01:19:15.899,10.52858,10.524300000000002,2360.0001,700
24.06.2024 01:19:16.050,10.528610000000002,10.52397,2660.0001,1500
24.06.2024 01:19:16.904,10.528620000000002,10.52392,2460.0001,1700
24.06.2024 01:19:18.516,10.528509999999999,10.52393,1620,1400
24.06.2024 01:19:19.170,10.52849,10.52392,1620,1600
24.06.2024 01:19:19.423,10.528210000000001,10.5235,1960.0001000000002,1500
24.06.2024 01:19:19.627,10.52825,10.523530000000001,2560.0001,1300
24.06.2024 01:19:24.552,10.52828,10.523439999999999,2060.0001,1000
24.06.2024 01:19:25.055,10.52807,10.5235,2120,1200
24.06.2024 01:19:25.959,10.528030000000001,10.52309,1820,1100
24.06.2024 01:19:26.060,10.528030000000001,10.52311,1620,800
24.06.2024 01:19:27.726,10.528030000000001,10.52307,2320,1500
24.06.2024 01:19:28.230,10.52813,10.523060000000001,1960.0001000000002,800
24.06.2024 01:19:29.889,10.52806,10.523060000000001,2879.9999,800
24.06.2024 01:19:30.493,10.52795,10.52309,1820,1000
24.06.2024 01:19:31.601,10.52809,10.52304,2260.0001,1200
24.06.2024 01:19:32.206,10.52806,10.5231,2460.0001,1300
24.06.2024 01:19:32.809,10.52809,10.52304,1860.0001000000002,1000
24.06.2024 01:19:33.312,10.5281,10.52311,2360.0001,1700
24.06.2024 01:19:34.870,10.52811,10.5231,1960.0001000000002,1100
24.06.2024 01:19:36.427,10.528040000000003,10.5235,2460.0001,1200
24.06.2024 01:19:37.030,10.528030000000001,10.523520000000001,1760.0001000000002,1100
24.06.2024 01:19:37.585,10.52781,10.523470000000001,2460.0001,900
24.06.2024 01:19:42.223,10.52784,10.523480000000001,2460.0001,1100
24.06.2024 01:19:42.827,10.52785,10.523470000000001,2560.0001,1000
24.06.2024 01:19:47.645,10.52785,10.5234,1760.0001000000002,800
24.06.2024 01:19:48.851,10.52783,10.523470000000001,1760.0001000000002,1600
24.06.2024 01:19:49.406,10.52777,10.523430000000001,2260.0001,1500
24.06.2024 01:19:49.658,10.52811,10.52334,1860.0001000000002,1200
24.06.2024 01:19:50.915,10.52806,10.52335,1860.0001000000002,1300
24.06.2024 01:19:51.317,10.52799,10.52302,2060.0001,1400
24.06.2024 01:19:51.870,10.52799,10.522990000000002,2460.0001,1000
24.06.2024 01:19:53.329,10.528,10.523050000000001,1760.0001000000002,800
24.06.2024 01:19:54.185,10.52799,10.52345,2260.0001,1100
24.06.2024 01:19:54.387,10.527980000000001,10.52347,2160.0001,1000
24.06.2024 01:19:55.492,10.52795,10.52341,1860.0001000000002,1600
24.06.2024 01:19:56.096,10.527999999999999,10.52342,2660.0001,1000
24.06.2024 01:19:57.105,10.52794,10.52345,2560.0001,1000
24.06.2024 01:19:57.607,10.527999999999999,10.52347,2460.0001,1600
24.06.2024 01:19:58.763,10.527999999999999,10.52345,2460.0001,800
24.06.2024 01:19:59.818,10.527999999999999,10.52346,2260.0001,1600
24.06.2024 01:20:01.075,10.52824,10.523800000000001,1760.0001000000002,1200
24.06.2024 01:20:01.277,10.52857,10.52405,1920,900
24.06.2024 01:20:01.529,10.52862,10.524490000000002,2120,1600
24.06.2024 01:20:01.580,10.52858,10.524500000000002,1720,1400
24.06.2024 01:20:02.784,10.52905,10.52443,2220,800
24.06.2024 01:20:02.985,10.52907,10.52488,2560.0001,1600
24.06.2024 01:20:03.337,10.52908,10.52482,1860.0001000000002,1600
24.06.2024 01:20:03.489,10.528750000000002,10.52447,1860.0001000000002,1400
24.06.2024 01:20:03.842,10.528790000000003,10.52444,2260.0001,1400
24.06.2024 01:20:04.145,10.5288,10.52518,2320,1200
24.06.2024 01:20:04.397,10.528830000000001,10.525160000000001,1920,1700
24.06.2024 01:20:05.001,10.52947,10.52505,1960.0001000000002,1700
24.06.2024 01:20:05.656,10.529480000000001,10.525,1760.0001000000002,1100
24.06.2024 01:20:07.023,10.52947,10.52509,1760.0001000000002,1400
24.06.2024 01:20:07.576,10.529399999999999,10.52504,2460.0001,800
24.06.2024 01:20:09.892,10.52944,10.52501,2220,1500
24.06.2024 01:20:11.048,10.529459999999998,10.52508,2579.9999,1100
24.06.2024 01:20:11.551,10.52944,10.525030000000001,2360.0001,1300
24.06.2024 01:20:12.457,10.52942,10.52509,2560.0001,1600
24.06.2024 01:20:12.961,10.52948,10.52504,2060.0001,800
24.06.2024 01:20:16.882,10.52932,10.52538,2260.0001,1000
24.06.2024 01:20:17.285,10.529539999999999,10.525220000000001,2260.0001,1400
24.06.2024 01:20:20.903,10.52922,10.52492,2360.0001,1400
24.06.2024 01:20:21.309,10.52922,10.524939999999999,2360.0001,800
24.06.2024 01:20:21.762,10.5288,10.524560000000001,2060.0001,800
24.06.2024 01:20:21.964,10.5288,10.524550000000001,2260.0001,1400
24.06.2024 01:20:22.668,10.528880000000001,10.524540000000002,1860.0001000000002,1200
24.06.2024 01:20:27.638,10.52882,10.52447,1760.0001000000002,1300
24.06.2024 01:20:31.756,10.528830000000001,10.52454,2160.0001,1600
24.06.2024 01:20:34.719,10.528770000000002,10.5245,2560.0001,1700
24.06.2024 01:20:38.192,10.52823,10.5245,1200,800
24.06.2024 01:20:38.293,10.528760000000002,10.52457,1660.0001000000002,1300
24.06.2024 01:20:38.395,10.528129999999999,10.5245,1200,900
24.06.2024 01:20:38.497,10.528770000000002,10.52449,1660.0001000000002,1300
24.06.2024 01:20:38.598,10.528350000000001,10.52455,1000,1200
24.06.2024 01:20:38.699,10.528770000000002,10.5245,2460.0001,1400
24.06.2024 01:20:39.003,10.52839,10.52449,1300,1200
24.06.2024 01:20:39.104,10.528770000000002,10.52458,2060.0001,1100
24.06.2024 01:20:39.206,10.52837,10.5245,1600,1500
24.06.2024 01:20:39.307,10.528860000000002,10.524510000000001,2460.0001,1400
24.06.2024 01:20:39.760,10.528760000000002,10.52452,1760.0001000000002,800
24.06.2024 01:20:41.770,10.528789999999999,10.52436,2560.0001,1500
24.06.2024 01:20:48.756,10.52887,10.52444,2260.0001,700
24.06.2024 01:20:49.059,10.528870000000001,10.52485,2060.0001,800
24.06.2024 01:20:49.412,10.5287,10.524860000000002,2260.0001,700
24.06.2024 01:20:51.374,10.52888,10.52486,2360.0001,1400
24.06.2024 01:20:52.780,10.52871,10.524860000000002,2560.0001,1500
24.06.2024 01:20:54.386,10.528929999999999,10.52482,2360.0001,1000
24.06.2024 01:20:55.089,10.52871,10.52485,2060.0001,700
