Gmt time,Ask,Bid,AskVolume,BidVolume
24.06.2024 05:54:52.588,32.857369999999996,32.810030000000005,1200,1000
24.06.2024 05:54:53.541,32.85733,32.81045,1400,1400
24.06.2024 05:54:54.093,32.857429999999994,32.813219999999994,2400,500
24.06.2024 05:54:54.144,32.859140000000004,32.813269999999996,2400,800
24.06.2024 05:54:54.395,32.85849,32.81321,1100,1400
24.06.2024 05:54:54.446,32.85848,32.81245,900,600
24.06.2024 05:54:55.450,32.85849,32.81212000000001,1000,1300
24.06.2024 05:54:55.701,32.858470000000004,32.812129999999996,700,800
24.06.2024 05:55:11.989,32.855529999999995,32.81277,50,600
24.06.2024 05:55:12.092,32.855529999999995,32.82529,250,500
24.06.2024 05:55:12.194,32.85552,32.82829,450,900
24.06.2024 05:55:12.296,32.85199,32.82829,2300,700
24.06.2024 05:55:12.397,32.852019999999996,32.82831,2200,1300
24.06.2024 05:55:12.498,32.85228,32.82823,2600,800
24.06.2024 05:55:13.151,32.85230000000001,32.82826,2400,500
24.06.2024 05:55:13.402,32.85542,32.82835,3000,1100
24.06.2024 05:55:13.604,32.85544,32.8284,2700,1200
24.06.2024 05:55:13.655,32.8557,32.828390000000006,3100,700
24.06.2024 05:55:14.057,32.85569,32.827630000000006,3100,1000
24.06.2024 05:55:16.063,32.85569,32.828430000000004,2800,900
24.06.2024 05:55:16.514,32.85252,32.825680000000006,2600,2500
24.06.2024 05:55:36.288,32.85349,32.81164,2700,1200
24.06.2024 05:55:36.389,32.85364,32.811659999999996,2300,1400
24.06.2024 05:55:37.793,32.86038,32.81427,2700,1100
24.06.2024 05:55:37.894,32.86039,32.81478,3100,1200
24.06.2024 05:55:37.945,32.860369999999996,32.813430000000004,3200,900
24.06.2024 05:55:37.996,32.86042,32.813,2500,1000
24.06.2024 05:55:38.047,32.8593,32.81307,2400,500
24.06.2024 05:55:38.148,32.85934,32.81322,3100,400
24.06.2024 05:55:38.249,32.85937,32.81342000000001,2300,1300
24.06.2024 05:55:38.350,32.859210000000004,32.81317000000001,2400,1100
24.06.2024 05:55:38.552,32.854910000000004,32.81278,3100,900
24.06.2024 05:55:38.753,32.85485,32.81292,2900,500
24.06.2024 05:55:38.804,32.859049999999996,32.81293,3100,1000
24.06.2024 05:55:38.955,32.85897,32.81285,2400,1200
24.06.2024 05:55:39.056,32.85790000000001,32.81288,2900,1200
24.06.2024 05:55:39.158,32.857910000000004,32.81294,2800,600
24.06.2024 05:55:39.259,32.857850000000006,32.81326,2300,700
24.06.2024 05:55:39.360,32.85661,32.81348,2400,1300
24.06.2024 05:55:39.411,32.85656,32.813,2400,500
24.06.2024 05:55:39.563,32.85991,32.81353,3100,1000
24.06.2024 05:55:39.764,32.85996,32.81344,2800,1200
24.06.2024 05:55:39.815,32.85472,32.81348,2700,700
24.06.2024 05:55:40.066,32.85971,32.813469999999995,2900,700
24.06.2024 05:55:40.167,32.859750000000005,32.81353,3000,500
24.06.2024 05:55:40.318,32.85991,32.81344,2600,1000
24.06.2024 05:55:40.420,32.859880000000004,32.81391,3100,1000
24.06.2024 05:55:40.571,32.86003,32.813520000000004,2800,900
24.06.2024 05:55:40.772,32.86001,32.81339,2500,900
24.06.2024 05:55:40.823,32.85475,32.81336,2300,900
24.06.2024 05:55:41.024,32.854800000000004,32.813700000000004,2300,400
24.06.2024 05:55:41.075,32.85974,32.81535000000001,3100,1200
24.06.2024 05:55:41.126,32.85972,32.81409,2800,1300
24.06.2024 05:55:41.177,32.859770000000005,32.81530000000001,3200,500
24.06.2024 05:55:41.228,32.85974,32.81335,2900,400
24.06.2024 05:55:41.279,32.86023,32.81339,3200,1000
24.06.2024 05:55:41.330,32.86021,32.81373,2500,1100
24.06.2024 05:55:41.381,32.86016,32.813140000000004,2800,3000
24.06.2024 05:55:41.532,32.852160000000005,32.81299,3000,1400
24.06.2024 05:55:41.634,32.85213,32.81335,2800,1300
24.06.2024 05:55:41.735,32.852180000000004,32.81329,2500,900
24.06.2024 05:55:41.786,32.85802,32.81343,2200,1300
24.06.2024 05:55:41.837,32.85804,32.81345,2200,1400
24.06.2024 05:55:41.888,32.85803,32.81349,3000,900
24.06.2024 05:55:42.039,32.85263,32.813810000000004,2200,1300
24.06.2024 05:55:42.090,32.85262,32.81362000000001,2900,1000
24.06.2024 05:55:42.191,32.85263,32.81301,3200,1100
24.06.2024 05:55:42.291,32.85788,32.81303,2700,600
24.06.2024 05:55:42.393,32.8579,32.81286,2300,500
24.06.2024 05:55:42.444,32.85792,32.81302000000001,2900,500
24.06.2024 05:55:42.545,32.85849,32.813010000000006,2800,1200
24.06.2024 05:55:42.595,32.85847,32.81315000000001,2300,500
24.06.2024 05:55:42.797,32.85737,32.81298,3000,900
24.06.2024 05:55:42.898,32.85738,32.81328,2400,900
24.06.2024 05:55:42.999,32.85743,32.813629999999996,3200,600
24.06.2024 05:55:43.050,32.85864,32.81439,2900,500
24.06.2024 05:55:43.151,32.858670000000004,32.81359,2500,900
24.06.2024 05:55:43.202,32.85868,32.81296,3100,1100
24.06.2024 05:55:43.304,32.85855,32.81296,2400,1400
24.06.2024 05:55:43.405,32.85862,32.812999999999995,2900,1200
24.06.2024 05:55:43.657,32.8586,32.8131,2600,500
24.06.2024 05:55:43.808,32.85743,32.81395,2800,1300
24.06.2024 05:55:43.909,32.85741,32.81357,3000,900
24.06.2024 05:55:44.060,32.85801,32.81451,3000,1100
24.06.2024 05:55:44.212,32.85801,32.813199999999995,2500,900
24.06.2024 05:55:44.263,32.85808,32.81316,2200,1300
24.06.2024 05:55:44.414,32.85868,32.81418,3000,700
24.06.2024 05:55:44.565,32.85808,32.81421,2300,800
24.06.2024 05:55:44.816,32.85866,32.81421,2700,1100
24.06.2024 05:56:00.099,32.85954,32.81409,2900,700
24.06.2024 05:56:15.770,32.860350000000004,32.814049999999995,2300,800
24.06.2024 05:56:15.821,32.860440000000004,32.81368,2700,800
24.06.2024 05:56:15.922,32.86037,32.81564,2500,1300
24.06.2024 05:56:16.023,32.860440000000004,32.81561,2800,700
24.06.2024 05:56:16.124,32.86045000000001,32.815960000000004,2500,1200
24.06.2024 05:56:16.276,32.8603,32.815960000000004,3100,1300
24.06.2024 05:56:18.832,32.86157000000001,32.815940000000005,50,1000
24.06.2024 05:56:22.988,32.86036000000001,32.81593,2300,800
24.06.2024 05:56:23.239,32.861580000000004,32.81602,-50,1400
24.06.2024 05:56:23.491,32.86117,32.81593,2400,900
24.06.2024 05:56:34.366,32.86095,32.816010000000006,650,600
24.06.2024 05:56:59.090,32.86084,32.81593,2700,1300
24.06.2024 05:57:01.194,32.86099,32.81595,350,900
24.06.2024 06:00:00.164,32.86116,32.815599999999996,600,1300
24.06.2024 06:00:00.924,32.86121,32.815569999999994,900,500
24.06.2024 06:00:03.536,32.8611,32.817750000000004,2900,1200
24.06.2024 06:00:03.787,32.86268,32.81779,1400,500
24.06.2024 06:00:04.038,32.86269,32.81779,1300,1300
24.06.2024 06:00:13.116,32.860960000000006,32.81757,2500,900
24.06.2024 06:00:14.119,32.86104,32.818130000000004,2400,700
24.06.2024 06:00:14.170,32.86303,32.81817,600,500
24.06.2024 06:00:15.323,32.863040000000005,32.81817,400,1400
24.06.2024 06:00:16.125,32.86302,32.818130000000004,700,1300
24.06.2024 06:00:17.780,32.86061,32.81819,3000,1100
24.06.2024 06:00:19.048,32.86057,32.818180000000005,2300,1100
24.06.2024 06:00:21.757,32.86049,32.81816,3200,900
24.06.2024 06:00:22.110,32.86298000000001,32.81821,800,500
24.06.2024 06:00:22.614,32.860409999999995,32.818130000000004,3100,900
24.06.2024 06:00:24.117,32.86048,32.82632000000001,2200,400
24.06.2024 06:00:24.369,32.86012,32.826280000000004,2700,1400
24.06.2024 06:00:25.372,32.86303000000001,32.826280000000004,3100,600
24.06.2024 06:00:25.523,32.86299,32.82629,3200,500
24.06.2024 06:00:26.076,32.86646,32.82559,1200,1100
24.06.2024 06:00:28.635,32.86648,32.82558,900,400
24.06.2024 06:00:29.437,32.86648,32.82555000000001,500,1200
24.06.2024 06:00:29.839,32.86641,32.82558,800,1100
24.06.2024 06:00:51.429,32.866490000000006,32.82563,500,800
24.06.2024 06:00:51.630,32.866440000000004,32.82564,700,1300
24.06.2024 06:00:51.881,32.860299999999995,32.82568,3000,1100
24.06.2024 06:00:53.235,32.860299999999995,32.82566,2900,1000
24.06.2024 06:00:53.336,32.86643,32.825680000000006,1200,600
24.06.2024 06:00:54.038,32.86645000000001,32.825700000000005,800,500
24.06.2024 06:00:55.842,32.86645000000001,32.82566,700,800
24.06.2024 06:00:56.645,32.866420000000005,32.82563,500,500
24.06.2024 06:00:58.249,32.86639,32.825680000000006,600,500
24.06.2024 06:00:58.853,32.86768000000001,32.826950000000004,800,600
24.06.2024 06:01:10.742,32.86797,32.82631000000001,1300,1100
24.06.2024 06:01:10.843,32.86038,32.826260000000005,2900,700
24.06.2024 06:01:11.094,32.86793,32.826330000000006,2900,1200
24.06.2024 06:01:11.346,32.86778,32.826269999999994,2400,600
24.06.2024 06:01:11.598,32.86791,32.826269999999994,1300,500
24.06.2024 06:01:11.949,32.867900000000006,32.826319999999996,1200,1200
24.06.2024 06:01:12.150,32.86795000000001,32.82623,900,1400
24.06.2024 06:01:12.752,32.86795,32.82625,1200,1400
24.06.2024 06:01:12.953,32.867940000000004,32.826209999999996,800,900
24.06.2024 06:01:13.556,32.86797000000001,32.826249999999995,1000,700
24.06.2024 06:01:13.958,32.86788000000001,32.82623,1400,900
24.06.2024 06:01:14.560,32.86786,32.82629,1100,600
24.06.2024 06:01:14.762,32.86789,32.826220000000006,1000,1000
24.06.2024 06:01:15.364,32.86791,32.826240000000006,1200,900
24.06.2024 06:01:15.526,32.86792,32.82625,1300,1200
24.06.2024 06:01:16.128,32.86788,32.82622,1100,1300
24.06.2024 06:01:16.531,32.86786,32.826209999999996,1000,500
24.06.2024 06:01:17.133,32.86792,32.826209999999996,1000,500
24.06.2024 06:01:17.334,32.86792,32.82619999999999,1200,600
24.06.2024 06:01:17.937,32.86788000000001,32.82617,1100,500
24.06.2024 06:01:18.338,32.867830000000005,32.82622,600,1100
24.06.2024 06:01:18.941,32.86789,32.82625,1300,800
24.06.2024 06:01:19.141,32.86783,32.82616,600,900
24.06.2024 06:01:19.743,32.8678,32.82621,1000,900
24.06.2024 06:01:20.145,32.86786000000001,32.82615,500,1300
24.06.2024 06:01:20.747,32.86784,32.82621,1200,600
24.06.2024 06:01:20.948,32.86787,32.826220000000006,1400,1300
24.06.2024 06:01:21.550,32.86784,32.826170000000005,1400,500
24.06.2024 06:01:21.951,32.86783,32.826170000000005,600,600
24.06.2024 06:01:22.553,32.867850000000004,32.82612,700,1400
24.06.2024 06:01:22.754,32.86778,32.826139999999995,700,900
24.06.2024 06:01:23.557,32.86781,32.82619,1200,700
24.06.2024 06:01:23.758,32.86777,32.82609,800,800
24.06.2024 06:01:24.359,32.8678,32.826100000000004,700,900
24.06.2024 06:01:24.760,32.86782,32.82608,500,400
24.06.2024 06:01:25.363,32.867760000000004,32.82613,700,1000
24.06.2024 06:01:25.764,32.867830000000005,32.82614,800,1000
24.06.2024 06:01:26.366,32.867810000000006,32.82614,1300,1000
24.06.2024 06:01:26.567,32.86775,32.82607,800,1300
24.06.2024 06:01:27.368,32.86775,32.82614,1400,1000
24.06.2024 06:01:27.569,32.86775,32.82605,1100,1000
24.06.2024 06:01:28.171,32.867729999999995,32.826100000000004,500,900
24.06.2024 06:01:28.572,32.867779999999996,32.82605,500,600
24.06.2024 06:01:29.174,32.86778,32.82611,800,800
24.06.2024 06:01:29.576,32.86773,32.826119999999996,1100,900
24.06.2024 06:01:30.078,32.86615,32.82684,600,700
24.06.2024 06:01:36.297,32.86603,32.82673,900,900
24.06.2024 06:01:36.549,32.866009999999996,32.826719999999995,1300,900
24.06.2024 06:02:00.232,32.8654,32.82703,700,500
24.06.2024 06:02:00.536,32.86474,32.81928,800,1400
24.06.2024 06:02:00.637,32.86481,32.81794,600,1300
24.06.2024 06:02:18.749,32.8657,32.82641,900,1200
24.06.2024 06:02:20.156,32.865050000000004,32.81839,500,1300
24.06.2024 06:03:13.131,32.86498,32.826570000000004,1100,600
24.06.2024 06:03:17.763,32.862610000000004,32.81893,2300,800
24.06.2024 06:03:28.448,32.86652,32.825790000000005,700,700
24.06.2024 06:03:29.451,32.866550000000004,32.81857,800,400
24.06.2024 06:03:29.502,32.866600000000005,32.81788,800,500
24.06.2024 06:03:29.653,32.86658,32.81792,900,1300
24.06.2024 06:03:29.754,32.860290000000006,32.817840000000004,2500,1000
24.06.2024 06:03:30.757,32.85973,32.81792,3100,600
24.06.2024 06:03:30.908,32.85971,32.81843,2400,1300
24.06.2024 06:03:31.009,32.86656,32.81839,900,1100
24.06.2024 06:03:33.266,32.86629,32.82551,2800,800
24.06.2024 06:03:33.869,32.86639,32.82557,1100,1300
24.06.2024 06:03:35.423,32.86639,32.82549,1300,800
24.06.2024 06:03:48.472,32.86771,32.824870000000004,1100,400
24.06.2024 06:03:48.723,32.86628,32.824870000000004,3000,600
24.06.2024 06:03:48.824,32.86619,32.824889999999996,2800,800
24.06.2024 06:03:48.975,32.86773,32.82494,900,1000
24.06.2024 06:03:49.277,32.86709999999999,32.8249,3200,1100
24.06.2024 06:03:52.089,32.86032,32.81814,2800,1000
24.06.2024 06:04:05.732,32.86472,32.82566,3100,600
24.06.2024 06:04:05.983,32.86444,32.825700000000005,2600,1000
24.06.2024 06:04:07.037,32.86034,32.825630000000004,2900,1000
24.06.2024 06:04:07.238,32.860330000000005,32.81758,2400,1300
24.06.2024 06:04:07.540,32.8601,32.81763,2800,400
24.06.2024 06:04:08.044,32.85969,32.817660000000004,3100,1000
24.06.2024 06:04:08.296,32.85962,32.817660000000004,2600,1300
24.06.2024 06:04:18.035,32.86023,32.82569000000001,2300,1000
24.06.2024 06:04:18.237,32.86639,32.82529,2400,700
24.06.2024 06:04:19.340,32.86717,32.82523,700,800
24.06.2024 06:04:36.446,32.86637,32.825630000000004,1200,1000
24.06.2024 06:04:41.024,32.8646,32.81803,2700,1300
24.06.2024 06:04:41.275,32.860440000000004,32.81808,2400,400
24.06.2024 06:04:56.868,32.86247,32.81824,2400,1100
24.06.2024 06:04:57.521,32.86244000000001,32.81819,2700,1300
24.06.2024 06:04:58.277,32.86612,32.82515,2500,1200
24.06.2024 06:04:58.528,32.86596000000001,32.8252,2200,1000
24.06.2024 06:04:58.979,32.86560000000001,32.82517,2400,800
24.06.2024 06:04:59.231,32.86707,32.8252,1400,500
24.06.2024 06:05:05.907,32.86475,32.82465,2600,600
24.06.2024 06:05:08.064,32.86401,32.81861,1300,600
24.06.2024 06:05:08.115,32.86405,32.81785,1000,1300
24.06.2024 06:05:09.171,32.865280000000006,32.824960000000004,2600,800
24.06.2024 06:05:09.322,32.86703000000001,32.82495,1200,600
24.06.2024 06:05:10.176,32.86704,32.824980000000004,800,1100
24.06.2024 06:05:10.479,32.86740000000001,32.824780000000004,2300,500
24.06.2024 06:05:30.836,32.86629,32.82547,1300,1200
24.06.2024 06:05:31.038,32.86338,32.82551,3100,700
24.06.2024 06:05:31.439,32.863420000000005,32.825520000000004,2800,1400
24.06.2024 06:05:31.541,32.86623,32.82553,1400,1000
24.06.2024 06:05:32.093,32.866910000000004,32.82518,2600,500
24.06.2024 06:05:32.144,32.86577,32.82518,2900,400
24.06.2024 06:05:32.396,32.86589,32.8252,3100,1400
24.06.2024 06:05:33.048,32.86699,32.82515,2500,1100
24.06.2024 06:05:33.300,32.86581,32.82517,2600,900
24.06.2024 06:05:35.857,32.86379,32.81939,900,500
24.06.2024 06:05:35.908,32.8637,32.81815,1200,1200
24.06.2024 06:05:36.109,32.86063000000001,32.81811,3000,400
24.06.2024 06:05:36.261,32.86065000000001,32.81898,2300,500
24.06.2024 06:05:36.362,32.863710000000005,32.818920000000006,1400,600
24.06.2024 06:05:44.792,32.86188,32.817249999999994,2400,700
24.06.2024 06:05:45.043,32.86185,32.81904,2400,900
24.06.2024 06:05:46.349,32.86499,32.82513,2200,1300
24.06.2024 06:05:46.600,32.8647,32.825190000000006,2400,1100
24.06.2024 06:05:47.803,32.86423,32.819120000000005,900,1200
24.06.2024 06:05:47.904,32.86421,32.818130000000004,900,500
24.06.2024 06:05:48.056,32.85988,32.81809,2500,800
24.06.2024 06:05:48.307,32.8598,32.818110000000004,2800,1300
24.06.2024 06:05:58.085,32.86253,32.81919,1300,900
24.06.2024 06:06:02.393,32.8625,32.81949,400,900
24.06.2024 06:06:02.945,32.86215,32.81992,1000,1400
24.06.2024 06:06:02.996,32.86182,32.81813,800,700
24.06.2024 06:06:03.750,32.86397000000001,32.82522,3200,700
24.06.2024 06:06:05.355,32.863960000000006,32.82526,2500,1300
24.06.2024 06:06:07.160,32.862030000000004,32.819630000000004,1300,1100
24.06.2024 06:06:07.211,32.862030000000004,32.81846,900,1200
24.06.2024 06:06:07.412,32.86055,32.81848,2200,1200
24.06.2024 06:06:07.664,32.85996,32.82524000000001,2200,500
24.06.2024 06:06:08.567,32.859930000000006,32.825210000000006,2800,1200
24.06.2024 06:06:09.621,32.85996,32.825210000000006,3000,600
24.06.2024 06:06:09.672,32.858430000000006,32.81870000000001,2400,1000
24.06.2024 06:06:09.722,32.858430000000006,32.81868,2600,1300
24.06.2024 06:06:09.924,32.859790000000004,32.81867,2900,500
24.06.2024 06:06:10.978,32.85969,32.81861,3000,700
24.06.2024 06:06:11.230,32.86204,32.81869,800,400
24.06.2024 06:06:11.481,32.85975,32.81861,3000,600
24.06.2024 06:06:11.733,32.86207,32.81867,1300,1100
24.06.2024 06:06:11.984,32.859680000000004,32.81866,2900,800
24.06.2024 06:06:13.338,32.85972,32.81867,3100,1400
24.06.2024 06:06:14.542,32.85974,32.81869,2500,700
24.06.2024 06:06:18.463,32.859770000000005,32.81863,3000,1000
24.06.2024 06:06:22.374,32.85975,32.81865,2400,400
24.06.2024 06:06:22.525,32.85975,32.81572,2800,1300
24.06.2024 06:06:22.626,32.861250000000005,32.81572,600,1100
24.06.2024 06:06:22.828,32.86124,32.8187,900,900
24.06.2024 06:06:28.747,32.866220000000006,32.8255,400,800
24.06.2024 06:06:30.001,32.85985,32.82546,2800,400
24.06.2024 06:06:30.102,32.85983,32.82507,2600,1400
24.06.2024 06:06:30.253,32.8626,32.82508,2200,700
24.06.2024 06:06:31.057,32.867020000000004,32.82507,1400,500
24.06.2024 06:06:32.058,32.8662,32.82543,1000,500
24.06.2024 06:06:33.664,32.8611,32.81467,700,500
24.06.2024 06:06:33.715,32.861070000000005,32.8168,900,800
24.06.2024 06:06:33.915,32.86001,32.81685,2300,900
24.06.2024 06:06:34.669,32.85998000000001,32.816860000000005,2600,1000
24.06.2024 06:06:34.870,32.860040000000005,32.817710000000005,2900,1200
24.06.2024 06:06:35.873,32.8602,32.816320000000005,2200,700
24.06.2024 06:06:36.124,32.860510000000005,32.81626,2400,400
24.06.2024 06:06:36.376,32.8623,32.81633,1100,600
24.06.2024 06:06:36.627,32.86002,32.81624,2900,600
24.06.2024 06:06:36.879,32.86234,32.81633,500,700
24.06.2024 06:06:37.381,32.86004,32.81626,2500,900
24.06.2024 06:06:37.632,32.86688,32.82488000000001,800,800
24.06.2024 06:06:37.884,32.86453000000001,32.82490000000001,2500,500
24.06.2024 06:06:38.136,32.862519999999996,32.81381,600,1300
24.06.2024 06:06:38.639,32.86259,32.814640000000004,1200,2600
24.06.2024 06:06:39.142,32.86258,32.81463,800,2800
24.06.2024 06:06:41.147,32.86252,32.81384,700,700
24.06.2024 06:06:45.358,32.862570000000005,32.81430000000001,500,800
24.06.2024 06:06:47.014,32.862500000000004,32.814240000000005,900,800
24.06.2024 06:06:47.265,32.86254,32.814310000000006,400,1200
24.06.2024 06:06:50.777,32.85852,32.814330000000005,2800,400
24.06.2024 06:06:50.828,32.858529999999995,32.817510000000006,2800,1100
24.06.2024 06:06:51.029,32.856860000000005,32.81750000000001,2700,400
24.06.2024 06:06:51.734,32.856950000000005,32.817440000000005,2500,1100
24.06.2024 06:07:01.211,32.867830000000005,32.82484,1100,1200
24.06.2024 06:07:01.464,32.8606,32.824830000000006,2900,500
24.06.2024 06:07:01.916,32.86191,32.82479,2400,700
24.06.2024 06:07:02.920,32.86277,32.82477,2400,600
24.06.2024 06:07:03.171,32.862030000000004,32.824850000000005,2700,1000
24.06.2024 06:07:03.724,32.861889999999995,32.82477,3100,1300
24.06.2024 06:07:03.925,32.86399,32.818630000000006,500,1000
24.06.2024 06:07:04.177,32.85624,32.82409,2900,600
24.06.2024 06:07:05.480,32.85612,32.824130000000004,2700,1400
24.06.2024 06:07:05.732,32.86225,32.82415,2200,1200
24.06.2024 06:07:06.033,32.862210000000005,32.82407,2700,700
24.06.2024 06:07:06.184,32.86296,32.82412,3200,700
24.06.2024 06:07:06.436,32.862049999999996,32.824079999999995,2600,1300
24.06.2024 06:07:06.687,32.862170000000006,32.824079999999995,2800,800
24.06.2024 06:07:07.640,32.86217,32.82413,2900,500
24.06.2024 06:07:08.192,32.86222,32.82409,2900,1000
24.06.2024 06:07:08.844,32.86229,32.824099999999994,2200,500
24.06.2024 06:07:09.346,32.85803,32.815000000000005,2600,1000
24.06.2024 06:07:09.397,32.85803,32.818180000000005,2900,900
24.06.2024 06:07:09.598,32.8564,32.81817,2300,600
24.06.2024 06:07:10.050,32.85647,32.81814,3100,1300
24.06.2024 06:07:11.254,32.85635,32.81819,2200,500
24.06.2024 06:07:11.906,32.85623,32.818180000000005,2800,1200
24.06.2024 06:07:13.059,32.856190000000005,32.818110000000004,3000,800
24.06.2024 06:07:13.663,32.85613,32.81812,2400,1100
24.06.2024 06:07:13.914,32.85617,32.81812,2400,1000
24.06.2024 06:07:14.116,32.85617,32.81671,2400,1200
24.06.2024 06:07:15.872,32.86336000000001,32.814980000000006,2700,1200
24.06.2024 06:07:16.975,32.86301,32.814930000000004,2500,1300
24.06.2024 06:07:17.126,32.86304,32.815310000000004,2200,1300
24.06.2024 06:07:17.227,32.863170000000004,32.815380000000005,3100,1000
24.06.2024 06:07:18.481,32.86329,32.81533,2800,800
24.06.2024 06:07:28.012,32.86325000000001,32.815360000000005,2600,1200
24.06.2024 06:07:28.464,32.86237,32.82529,3200,400
24.06.2024 06:07:28.515,32.85981,32.82528,3100,800
24.06.2024 06:07:28.967,32.85923,32.82523,2300,1300
24.06.2024 06:07:30.169,32.85578,32.82528,2700,1200
24.06.2024 06:07:31.372,32.85543,32.82523,3100,1300
24.06.2024 06:07:32.577,32.85544,32.825250000000004,3100,500
24.06.2024 06:07:32.828,32.85696,32.82521,2300,800
24.06.2024 06:07:33.279,32.8554,32.817730000000005,3200,400
24.06.2024 06:07:33.330,32.85542,32.81634,2600,1000
24.06.2024 06:07:33.499,32.855470000000004,32.81084,2300,700
24.06.2024 06:07:33.550,32.85859000000001,32.81087,2500,1000
24.06.2024 06:07:33.901,32.85952,32.81225,3000,600
24.06.2024 06:07:34.153,32.85457,32.81169,2700,900
24.06.2024 06:07:34.405,32.85559,32.811749999999996,2400,500
24.06.2024 06:07:35.459,32.85449,32.811769999999996,2900,1200
24.06.2024 06:07:36.462,32.85418,32.811749999999996,2200,900
24.06.2024 06:07:36.714,32.8543,32.811749999999996,2400,700
24.06.2024 06:07:36.966,32.855250000000005,32.81174,2300,800
24.06.2024 06:07:38.321,32.8541,32.811679999999996,2300,600
24.06.2024 06:07:38.623,32.85224,32.811719999999994,3000,500
24.06.2024 06:07:38.724,32.85223,32.81437,2700,600
24.06.2024 06:07:38.825,32.85474000000001,32.814299999999996,2800,1100
24.06.2024 06:07:39.429,32.86093,32.81438,2900,400
24.06.2024 06:07:39.480,32.860890000000005,32.8115,2700,900
24.06.2024 06:07:39.681,32.858920000000005,32.81158,2700,400
24.06.2024 06:07:39.933,32.852340000000005,32.81152,3200,1100
24.06.2024 06:07:40.435,32.85401,32.811550000000004,2500,1200
24.06.2024 06:07:40.688,32.853190000000005,32.81153,3000,1300
24.06.2024 06:07:40.939,32.8532,32.81153,2700,1200
24.06.2024 06:07:42.296,32.85922,32.81151,2800,400
24.06.2024 06:07:43.651,32.8545,32.81157,2200,900
24.06.2024 06:07:45.157,32.8543,32.81151,2200,1200
24.06.2024 06:07:45.609,32.8543,32.812670000000004,3000,1200
24.06.2024 06:07:46.111,32.8543,32.81343,3000,1000
24.06.2024 06:07:46.363,32.85433,32.81346,2200,400
24.06.2024 06:07:50.277,32.85418,32.81351,2700,700
24.06.2024 06:07:50.780,32.853640000000006,32.813449999999996,3000,1300
24.06.2024 06:07:52.085,32.854330000000004,32.81347,2400,500
24.06.2024 06:07:53.291,32.854279999999996,32.81344,2900,900
24.06.2024 06:07:57.056,32.85426,32.81273,2300,700
24.06.2024 06:07:57.309,32.859170000000006,32.81271,150,1200
24.06.2024 06:07:57.460,32.86018,32.81269,500,400
24.06.2024 06:07:57.560,32.85519,32.81275,3000,700
24.06.2024 06:07:57.812,32.855740000000004,32.81271,3000,1200
24.06.2024 06:07:58.064,32.86023,32.81271,800,900
24.06.2024 06:07:58.265,32.86025,32.81275,400,1300
24.06.2024 06:07:58.567,32.854420000000005,32.81268,2800,500
24.06.2024 06:08:00.623,32.86025,32.812780000000004,1000,400
24.06.2024 06:08:00.724,32.860260000000004,32.81196,1200,700
24.06.2024 06:08:00.876,32.86000000000001,32.81187,2600,1000
24.06.2024 06:08:00.977,32.85707,32.81195,600,800
24.06.2024 06:08:01.128,32.85365000000001,32.813300000000005,2700,700
24.06.2024 06:08:01.229,32.85363,32.81186,2900,1400
24.06.2024 06:08:01.331,32.85361,32.82027000000001,2900,1000
24.06.2024 06:08:01.381,32.862950000000005,32.82023000000001,1200,1100
24.06.2024 06:08:01.533,32.86296,32.820260000000005,1200,500
24.06.2024 06:08:01.734,32.86296,32.820240000000005,400,600
24.06.2024 06:08:01.785,32.859680000000004,32.82023,3000,900
24.06.2024 06:08:02.037,32.85423,32.820260000000005,2300,1300
24.06.2024 06:08:02.138,32.85425,32.82025000000001,2400,800
24.06.2024 06:08:02.339,32.854169999999996,32.82029,2200,1300
24.06.2024 06:08:02.741,32.85422,32.820299999999996,2800,800
24.06.2024 06:08:03.142,32.854169999999996,32.82025,2500,1000
24.06.2024 06:08:03.545,32.855030000000006,32.81192000000001,2800,1100
24.06.2024 06:08:03.595,32.85504,32.81368,2600,1200
24.06.2024 06:08:03.797,32.85349,32.81361,2500,1300
24.06.2024 06:08:04.652,32.858650000000004,32.8137,2400,500
24.06.2024 06:08:04.903,32.85634,32.813629999999996,3200,1100
24.06.2024 06:08:05.155,32.85633,32.81368,2800,900
24.06.2024 06:08:05.407,32.853770000000004,32.81362,3000,800
24.06.2024 06:08:07.765,32.85492,32.813649999999996,3100,1200
24.06.2024 06:08:08.017,32.85374,32.81366,2700,500
24.06.2024 06:08:08.268,32.85378,32.8137,2300,600
24.06.2024 06:08:11.429,32.85497,32.813649999999996,2700,1200
24.06.2024 06:08:11.681,32.853809999999996,32.81364,2800,1200
24.06.2024 06:08:15.077,32.857319999999994,32.8137,700,900
24.06.2024 06:08:15.128,32.863310000000006,32.82057,500,800
24.06.2024 06:08:15.330,32.854440000000004,32.8206,2500,1200
24.06.2024 06:08:15.535,32.854530000000004,32.813649999999996,3200,1300
24.06.2024 06:08:15.586,32.85383,32.81364,3000,600
24.06.2024 06:08:15.637,32.853880000000004,32.81358000000001,2500,800
24.06.2024 06:08:15.839,32.85418000000001,32.813520000000004,2600,500
24.06.2024 06:08:16.041,32.85414,32.82039,2900,900
24.06.2024 06:08:16.242,32.85419,32.820370000000004,2300,1200
24.06.2024 06:08:16.644,32.854130000000005,32.82041,2900,700
24.06.2024 06:08:17.046,32.85421,32.82045,2700,900
24.06.2024 06:08:17.649,32.85414,32.82038000000001,2900,400
24.06.2024 06:08:18.050,32.85419,32.81962,2200,1000
24.06.2024 06:08:18.452,32.85416,32.8196,2500,800
24.06.2024 06:08:18.854,32.854130000000005,32.819630000000004,3100,1100
24.06.2024 06:08:19.256,32.85421,32.8196,2200,1100
24.06.2024 06:08:19.658,32.854150000000004,32.8197,2600,500
24.06.2024 06:08:20.060,32.85421,32.819630000000004,2800,800
24.06.2024 06:08:20.462,32.854200000000006,32.81966,2300,1300
24.06.2024 06:08:20.764,32.854319999999994,32.81966,2700,700
24.06.2024 06:08:20.865,32.85433,32.81969,3100,1200
24.06.2024 06:08:20.966,32.85429,32.81245,2800,700
24.06.2024 06:08:21.017,32.85957,32.81397,1200,900
24.06.2024 06:08:21.168,32.85955,32.81398,700,800
24.06.2024 06:08:21.269,32.85441,32.81396,2600,1100
24.06.2024 06:08:25.735,32.85441,32.81467,2600,500
24.06.2024 06:08:25.786,32.85511,32.81467,3100,1200
24.06.2024 06:08:25.987,32.85927,32.81464,3200,500
24.06.2024 06:08:26.089,32.85928,32.81016,2200,600
24.06.2024 06:08:26.240,32.858709999999995,32.81013,2700,1300
24.06.2024 06:08:26.892,32.85874,32.81055,2900,1400
24.06.2024 06:08:27.094,32.85874,32.81149,2600,1400
24.06.2024 06:08:27.396,32.85319,32.81154,2300,500
24.06.2024 06:08:28.350,32.85524,32.81146,2300,600
24.06.2024 06:08:29.854,32.854980000000005,32.81147,3100,500
24.06.2024 06:08:31.059,32.8549,32.811499999999995,2500,500
24.06.2024 06:08:32.314,32.854890000000005,32.81153,2800,1200
24.06.2024 06:08:33.469,32.85490000000001,32.81151,2700,500
24.06.2024 06:08:34.973,32.85488,32.811479999999996,2800,500
24.06.2024 06:08:35.978,32.85485,32.81149,2400,1100
24.06.2024 06:08:36.230,32.855610000000006,32.821470000000005,2300,1100
24.06.2024 06:08:36.634,32.85557,32.82145,2600,1200
24.06.2024 06:08:36.835,32.856410000000004,32.81153,2900,1200
24.06.2024 06:08:36.886,32.85645000000001,32.81163,3100,500
24.06.2024 06:08:37.038,32.85647000000001,32.81364000000001,2600,900
24.06.2024 06:08:37.239,32.85515,32.813590000000005,2300,600
24.06.2024 06:08:37.591,32.8551,32.813610000000004,2800,600
24.06.2024 06:08:39.748,32.85468000000001,32.81203,2500,800
24.06.2024 06:08:40.000,32.85533,32.812,3100,1100
24.06.2024 06:08:41.153,32.854499999999994,32.812740000000005,2600,500
24.06.2024 06:08:41.404,32.85486,32.81275,2500,1300
24.06.2024 06:08:42.157,32.85445000000001,32.81275,2800,1100
24.06.2024 06:08:42.609,32.854440000000004,32.812270000000005,2200,1400
24.06.2024 06:08:42.660,32.85459,32.81230000000001,2900,700
24.06.2024 06:08:44.165,32.854240000000004,32.81224,2600,1300
24.06.2024 06:08:45.168,32.85431,32.812270000000005,2600,1000
24.06.2024 06:08:45.921,32.85431,32.81295,3200,500
24.06.2024 06:08:46.975,32.85463,32.81294,2500,800
24.06.2024 06:08:47.126,32.854710000000004,32.814,2800,1300
24.06.2024 06:08:47.226,32.85875,32.814080000000004,1100,500
24.06.2024 06:08:47.378,32.85875000000001,32.814080000000004,800,600
24.06.2024 06:08:47.980,32.85877,32.814080000000004,1000,1200
24.06.2024 06:08:48.582,32.85885,32.81409,700,1000
24.06.2024 06:08:48.633,32.85884,32.81241,1000,600
24.06.2024 06:08:48.985,32.85882,32.81241,500,600
24.06.2024 06:08:49.587,32.858819999999994,32.812439999999995,700,900
24.06.2024 06:08:49.839,32.857960000000006,32.81248,2800,400
24.06.2024 06:08:51.143,32.85807,32.8125,2900,1100
24.06.2024 06:08:51.945,32.85804,32.81158,3100,600
24.06.2024 06:08:52.046,32.857800000000005,32.81161,2400,700
24.06.2024 06:08:53.250,32.85749,32.81158,2800,700
24.06.2024 06:08:53.652,32.85752,32.811640000000004,2700,900
24.06.2024 06:08:53.903,32.85741,32.81163,2300,900
24.06.2024 06:08:54.054,32.85747,32.821630000000006,2600,1200
24.06.2024 06:08:54.177,32.85634,32.82166,2200,800
24.06.2024 06:08:54.328,32.85627,32.82163,2300,800
24.06.2024 06:08:54.930,32.856260000000006,32.82161,2800,600
24.06.2024 06:08:55.031,32.855090000000004,32.821600000000004,2400,1100
24.06.2024 06:08:55.082,32.855070000000005,32.81204,3000,1000
24.06.2024 06:08:55.133,32.85511,32.816860000000005,2700,1400
24.06.2024 06:08:55.284,32.855430000000005,32.816900000000004,2600,1100
24.06.2024 06:08:55.535,32.85427,32.81385,3100,1400
24.06.2024 06:08:55.837,32.85745,32.81379,3000,1300
24.06.2024 06:08:56.038,32.85452,32.81376,3100,1000
24.06.2024 06:08:56.540,32.85470000000001,32.81382,2600,900
24.06.2024 06:09:00.102,32.85473,32.81384,3100,600
24.06.2024 06:09:01.204,32.86093,32.81384,1200,1000
24.06.2024 06:09:01.456,32.85765,32.8138,2500,1300
24.06.2024 06:09:01.657,32.85481,32.81377,2700,800
24.06.2024 06:09:02.158,32.860870000000006,32.81376,1300,1300
24.06.2024 06:09:02.260,32.86089,32.81377,700,800
24.06.2024 06:09:02.413,32.85768,32.81383,3100,1300
24.06.2024 06:09:02.664,32.854800000000004,32.81383,3000,1100
24.06.2024 06:09:03.115,32.860879999999995,32.813810000000004,1200,800
24.06.2024 06:09:03.367,32.854800000000004,32.81379,2400,600
24.06.2024 06:09:04.920,32.86097000000001,32.81383,800,900
24.06.2024 06:09:05.171,32.85763,32.813810000000004,2800,400
24.06.2024 06:09:05.422,32.8548,32.81384,2800,800
24.06.2024 06:09:08.428,32.85511,32.81377,3100,1200
24.06.2024 06:09:08.529,32.85509,32.82185,2800,1400
24.06.2024 06:09:08.680,32.8567,32.816120000000005,3000,1300
24.06.2024 06:09:08.882,32.855380000000004,32.813340000000004,700,1000
24.06.2024 06:09:08.933,32.85506,32.81335000000001,2300,1100
24.06.2024 06:09:09.034,32.85512,32.8111,2800,1000
24.06.2024 06:09:09.185,32.85533,32.811150000000005,1000,500
24.06.2024 06:09:09.286,32.855399999999996,32.8111,800,400
24.06.2024 06:09:09.487,32.85534,32.81116,1000,1100
24.06.2024 06:09:09.688,32.85539000000001,32.811150000000005,600,1200
24.06.2024 06:09:09.739,32.85473,32.81119,3100,500
24.06.2024 06:09:09.940,32.85472,32.813810000000004,2600,1000
24.06.2024 06:09:10.041,32.854330000000004,32.81384,3200,800
24.06.2024 06:09:10.142,32.85436000000001,32.81119,3000,900
24.06.2024 06:09:10.293,32.85475,32.811170000000004,2800,500
24.06.2024 06:09:11.247,32.85412,32.811130000000006,2500,700
24.06.2024 06:09:11.549,32.85418000000001,32.81123,2700,500
24.06.2024 06:09:11.600,32.855500000000006,32.811280000000004,1400,1100
24.06.2024 06:09:11.851,32.85122,32.81125,3100,500
24.06.2024 06:09:12.103,32.85277,32.81126,2200,1300
24.06.2024 06:09:15.117,32.85661,32.81127,350,1400
24.06.2024 06:09:15.368,32.8513,32.81132,2700,1100
24.06.2024 06:09:15.620,32.85258,32.81126,3000,1000
24.06.2024 06:09:18.180,32.854260000000004,32.81131,2300,1400
24.06.2024 06:09:19.034,32.854260000000004,32.81129,2400,700
24.06.2024 06:09:19.135,32.854260000000004,32.81436,3100,1300
24.06.2024 06:09:19.287,32.85418000000001,32.814440000000005,3200,1200
24.06.2024 06:09:19.538,32.852669999999996,32.81436,2400,1300
24.06.2024 06:09:22.048,32.85391,32.814440000000005,2800,1300
24.06.2024 06:09:22.099,32.85399,32.81347,2700,1200
24.06.2024 06:09:22.451,32.85436,32.81343,2400,1300
24.06.2024 06:09:22.703,32.852740000000004,32.81341,2800,600
24.06.2024 06:09:22.954,32.85273,32.81351,2500,1300
24.06.2024 06:09:24.209,32.8544,32.81341,2800,700
24.06.2024 06:09:24.260,32.85434,32.81328,2700,1300
24.06.2024 06:09:24.461,32.85257,32.81323,2600,800
24.06.2024 06:09:25.766,32.85369,32.813230000000004,3100,1000
24.06.2024 06:09:26.018,32.85669,32.81324,350,500
24.06.2024 06:09:26.119,32.85669,32.812979999999996,50,2300
24.06.2024 06:09:26.170,32.85951,32.81321,2500,800
24.06.2024 06:09:26.271,32.860380000000006,32.81326,3100,500
24.06.2024 06:09:27.023,32.8606,32.813269999999996,3100,2300
24.06.2024 06:09:27.274,32.85459,32.81324,2900,1000
24.06.2024 06:09:28.099,32.85394,32.813199999999995,2400,800
24.06.2024 06:09:28.302,32.85394,32.81317,2900,1000
24.06.2024 06:09:28.753,32.85481000000001,32.816790000000005,2800,1200
24.06.2024 06:09:29.008,32.85422,32.816840000000006,2800,700
24.06.2024 06:09:29.459,32.85373,32.816880000000005,2900,600
24.06.2024 06:09:30.061,32.85414,32.816480000000006,2900,800
24.06.2024 06:09:30.163,32.85418,32.82289,2400,1000
24.06.2024 06:09:30.314,32.85651,32.822950000000006,2400,600
24.06.2024 06:09:30.566,32.85416000000001,32.82297,2500,900
24.06.2024 06:09:30.818,32.86189,32.82294,3000,1400
24.06.2024 06:09:31.320,32.86189,32.82276,3100,1000
24.06.2024 06:09:31.421,32.85531,32.82273000000001,3200,1400
24.06.2024 06:09:31.672,32.85503,32.82271,2700,1300
24.06.2024 06:09:32.124,32.8555,32.822750000000006,2400,600
24.06.2024 06:09:32.726,32.85559,32.82276,3100,700
24.06.2024 06:09:32.877,32.85548000000001,32.82276,2700,1200
24.06.2024 06:09:33.329,32.855500000000006,32.8227,3200,1300
24.06.2024 06:09:33.580,32.858019999999996,32.82271,2500,500
24.06.2024 06:09:33.933,32.85804,32.82271,2900,1300
24.06.2024 06:09:34.084,32.855410000000006,32.82276,3000,500
24.06.2024 06:09:34.335,32.85551,32.82276,2600,700
24.06.2024 06:09:35.137,32.8555,32.82278,2800,1300
24.06.2024 06:09:35.539,32.85551,32.822739999999996,2300,1400
24.06.2024 06:09:36.542,32.855500000000006,32.8228,2700,900
24.06.2024 06:09:37.745,32.856590000000004,32.812430000000006,2300,500
24.06.2024 06:09:37.796,32.85667,32.811749999999996,2400,1300
24.06.2024 06:09:37.997,32.85481,32.81173,3100,800
24.06.2024 06:09:38.098,32.854850000000006,32.81230000000001,2600,400
24.06.2024 06:09:38.852,32.854240000000004,32.81230000000001,2800,1200
24.06.2024 06:09:46.081,32.854240000000004,32.81024,3100,800
24.06.2024 06:09:46.132,32.856300000000005,32.81386,2800,600
24.06.2024 06:09:46.836,32.85828,32.81384,1300,500
24.06.2024 06:09:47.038,32.85829999999999,32.814080000000004,1300,900
24.06.2024 06:09:47.190,32.85804,32.814490000000006,3000,1300
24.06.2024 06:09:47.341,32.855030000000006,32.814490000000006,3100,600
24.06.2024 06:09:47.392,32.85501,32.810390000000005,2900,800
24.06.2024 06:09:47.594,32.85413,32.81033,2700,1200
24.06.2024 06:09:47.845,32.855850000000004,32.810300000000005,2300,600
24.06.2024 06:09:48.097,32.8549,32.81035000000001,2400,1200
24.06.2024 06:09:49.654,32.85453,32.81035000000001,2300,600
24.06.2024 06:09:51.461,32.854479999999995,32.810300000000005,2400,700
24.06.2024 06:09:53.969,32.85450000000001,32.810340000000004,2300,1300
24.06.2024 06:09:54.221,32.856230000000004,32.811099999999996,1200,2600
24.06.2024 06:09:54.322,32.85624,32.81112,800,3100
24.06.2024 06:09:54.473,32.85275000000001,32.81038,2700,1200
24.06.2024 06:09:56.380,32.85635,32.81031,800,1300
24.06.2024 06:09:56.732,32.85629,32.81031,1400,400
24.06.2024 06:09:56.883,32.85284,32.810390000000005,2500,700
24.06.2024 06:10:00.144,32.85418,32.810340000000004,2300,1200
24.06.2024 06:10:00.647,32.85413,32.81120000000001,2200,1400
24.06.2024 06:10:01.500,32.854130000000005,32.811220000000006,3000,900
24.06.2024 06:10:02.053,32.86186,32.81841,600,1300
24.06.2024 06:10:02.254,32.86186,32.818419999999996,800,700
24.06.2024 06:10:02.305,32.85287,32.81848,2600,1000
24.06.2024 06:10:02.556,32.85296,32.81845,2800,600
24.06.2024 06:10:02.657,32.85298,32.81841,2700,500
24.06.2024 06:10:02.858,32.85293,32.8185,2800,600
24.06.2024 06:10:03.060,32.85298,32.81851,3000,800
24.06.2024 06:10:03.261,32.85295000000001,32.81119,2300,1400
24.06.2024 06:10:04.969,32.854420000000005,32.811240000000005,3000,500
24.06.2024 06:10:09.315,32.85445000000001,32.811510000000006,3000,1000
24.06.2024 06:10:09.467,32.85446,32.811510000000006,2600,500
24.06.2024 06:10:09.619,32.85667,32.81179,500,2600
24.06.2024 06:10:09.870,32.856660000000005,32.811780000000006,700,3100
24.06.2024 06:10:10.071,32.85666,32.81181,1100,3000
24.06.2024 06:10:10.472,32.856770000000004,32.81177,700,3000
24.06.2024 06:10:10.573,32.856770000000004,32.81188000000001,900,2300
24.06.2024 06:10:10.675,32.85677,32.811890000000005,600,3000
24.06.2024 06:10:11.077,32.856790000000004,32.81190000000001,1400,2500
24.06.2024 06:10:11.279,32.85673,32.81188000000001,1100,2900
24.06.2024 06:10:11.580,32.856739999999995,32.81192000000001,1400,2800
24.06.2024 06:10:11.681,32.85676,32.81188,1100,2500
24.06.2024 06:10:12.082,32.856730000000006,32.811840000000004,1200,2800
24.06.2024 06:10:12.284,32.85682,32.811870000000006,800,2300
24.06.2024 06:10:12.334,32.85682,32.8115,1100,800
24.06.2024 06:10:12.687,32.85680000000001,32.811510000000006,500,1300
24.06.2024 06:10:12.789,32.85678,32.811460000000004,1200,1000
24.06.2024 06:10:12.840,32.856570000000005,32.81147000000001,700,3799.9999
24.06.2024 06:10:12.941,32.85858,32.81877,850,1400
24.06.2024 06:10:13.092,32.85858,32.811730000000004,550,3000
24.06.2024 06:10:13.143,32.85858,32.815380000000005,450,900
24.06.2024 06:10:13.244,32.85854,32.81854,550,700
24.06.2024 06:10:13.346,32.858149999999995,32.8185,2800,700
24.06.2024 06:10:13.447,32.858059999999995,32.818509999999996,3100,800
24.06.2024 06:10:13.598,32.85759,32.81856,2300,600
24.06.2024 06:10:14.050,32.85765000000001,32.81863,2400,500
24.06.2024 06:10:14.452,32.857600000000005,32.818729999999995,3100,600
24.06.2024 06:10:14.653,32.85766,32.8188,2300,400
24.06.2024 06:10:14.754,32.8565,32.81275,2900,600
24.06.2024 06:10:15.006,32.8535,32.81279,3000,500
24.06.2024 06:10:15.759,32.85316,32.81271,2300,1200
24.06.2024 06:10:16.262,32.85319,32.81203,3100,900
24.06.2024 06:10:17.266,32.85306,32.81203,2500,900
24.06.2024 06:10:18.471,32.85327,32.81203,3100,600
24.06.2024 06:10:21.181,32.85324,32.812000000000005,3000,1400
24.06.2024 06:10:23.039,32.85327,32.81411,2600,500
24.06.2024 06:10:23.392,32.85334,32.81928,2300,500
24.06.2024 06:10:23.443,32.85340000000001,32.81223000000001,2400,1000
24.06.2024 06:10:23.494,32.85343,32.815430000000006,2300,1300
24.06.2024 06:10:23.645,32.85566,32.81541000000001,2500,1100
24.06.2024 06:10:23.746,32.85565,32.81605,2800,900
24.06.2024 06:10:24.951,32.8557,32.81169,2700,1300
24.06.2024 06:10:25.003,32.85340000000001,32.81168,2600,1000
24.06.2024 06:10:25.254,32.85297,32.811659999999996,2600,700
24.06.2024 06:10:26.109,32.85292,32.81236,2800,1100
24.06.2024 06:10:26.461,32.85251,32.8123,2900,800
24.06.2024 06:10:27.114,32.85338,32.81228,2800,1100
24.06.2024 06:10:27.466,32.8539,32.8123,2700,1300
24.06.2024 06:10:28.669,32.85331,32.81233,2500,600
24.06.2024 06:10:30.174,32.853339999999996,32.81234,2300,800
24.06.2024 06:10:30.927,32.86038,32.81233,1000,1000
24.06.2024 06:10:31.077,32.860400000000006,32.81234,1000,1400
24.06.2024 06:10:31.178,32.85337,32.81229,2700,1200
24.06.2024 06:10:31.781,32.85364,32.81229,2800,700
24.06.2024 06:10:32.033,32.8604,32.81234,900,1100
24.06.2024 06:10:32.234,32.86043000000001,32.81234,900,900
24.06.2024 06:10:32.285,32.85342000000001,32.81229,2300,1000
24.06.2024 06:10:32.536,32.85342,32.81235,2500,1400
24.06.2024 06:10:33.039,32.8586,32.81236,50,900
24.06.2024 06:10:33.541,32.85341,32.81232,3100,800
24.06.2024 06:10:35.347,32.85355,32.81919,2800,1200
24.06.2024 06:10:35.548,32.85361,32.81916,2400,1000
24.06.2024 06:10:35.599,32.85365000000001,32.81917,2900,1100
24.06.2024 06:10:35.851,32.85364,32.81916,2300,1400
24.06.2024 06:10:35.952,32.853669999999994,32.81921,2300,1000
24.06.2024 06:10:36.103,32.86254,32.81918,2400,1400
24.06.2024 06:10:36.355,32.85367,32.8192,3200,500
24.06.2024 06:10:36.556,32.853750000000005,32.81228,3100,700
24.06.2024 06:10:36.607,32.85891,32.81592,450,1200
24.06.2024 06:10:36.858,32.85488000000001,32.81591,2200,900
24.06.2024 06:10:37.160,32.855720000000005,32.81945,2700,1300
24.06.2024 06:10:37.511,32.854910000000004,32.81589,2400,500
24.06.2024 06:10:37.562,32.85483,32.81584,2500,900
24.06.2024 06:10:37.763,32.85475,32.81579,2300,800
24.06.2024 06:10:38.166,32.85558,32.81579,2800,600
24.06.2024 06:10:38.417,32.85474,32.8158,2500,1200
24.06.2024 06:10:38.669,32.85557,32.815780000000004,2200,1100
24.06.2024 06:10:38.921,32.85472,32.81581,3100,1100
24.06.2024 06:10:39.273,32.855540000000005,32.8158,2500,500
24.06.2024 06:10:39.525,32.85471,32.81579,2600,1100
24.06.2024 06:10:39.827,32.8556,32.81579,2800,800
24.06.2024 06:10:40.078,32.85474,32.815830000000005,3100,1100
24.06.2024 06:10:42.140,32.85470000000001,32.815830000000005,2700,1100
24.06.2024 06:10:42.745,32.85553,32.81584,3100,1200
24.06.2024 06:10:42.846,32.85562,32.81935000000001,2600,800
24.06.2024 06:10:42.897,32.8556,32.81247,2800,600
24.06.2024 06:10:42.948,32.855560000000004,32.81591,2700,400
24.06.2024 06:10:43.102,32.85369,32.81326,2400,400
24.06.2024 06:10:43.504,32.858979999999995,32.81326,450,1100
24.06.2024 06:10:43.554,32.85894999999999,32.81452,550,1000
24.06.2024 06:10:43.756,32.854079999999996,32.812760000000004,3000,1400
24.06.2024 06:10:44.459,32.854200000000006,32.81275,3100,800
24.06.2024 06:10:45.161,32.8613,32.81282,2300,700
24.06.2024 06:10:45.413,32.85378,32.81279,2600,700
24.06.2024 06:10:45.664,32.85373,32.81282,2700,500
24.06.2024 06:10:47.871,32.85379,32.812760000000004,2200,500
24.06.2024 06:10:49.376,32.853820000000006,32.812780000000004,2800,700
24.06.2024 06:10:50.579,32.85383,32.8128,2400,1000
24.06.2024 06:10:51.481,32.85904,32.81275,850,500
24.06.2024 06:10:51.732,32.8539,32.81282,2900,800
24.06.2024 06:10:52.134,32.85387,32.819610000000004,2200,800
24.06.2024 06:10:52.235,32.86189,32.8196,2900,1200
24.06.2024 06:10:52.487,32.853899999999996,32.819630000000004,2500,600
24.06.2024 06:10:52.938,32.85388,32.81959,2500,1200
24.06.2024 06:10:53.541,32.853880000000004,32.81964000000001,2400,1100
24.06.2024 06:10:53.742,32.8539,32.819610000000004,2500,1200
24.06.2024 06:10:54.144,32.85634,32.8128,3000,800
24.06.2024 06:10:54.245,32.85631,32.81601,3100,900
24.06.2024 06:10:54.396,32.853880000000004,32.815999999999995,2300,800
24.06.2024 06:10:54.798,32.85385,32.81307,2300,900
24.06.2024 06:10:54.899,32.85325,32.81308000000001,2400,1400
24.06.2024 06:10:55.151,32.86107,32.81309,250,1100
24.06.2024 06:10:55.302,32.85998000000001,32.81309,900,700
24.06.2024 06:10:55.403,32.8531,32.816050000000004,2500,1000
24.06.2024 06:10:55.655,32.8583,32.816,2500,400
24.06.2024 06:10:55.907,32.85596,32.81603,2700,1300
24.06.2024 06:10:56.158,32.85387,32.81603,2400,800
24.06.2024 06:10:56.260,32.85387,32.82814,3100,1100
24.06.2024 06:10:56.412,32.86318000000001,32.83356,700,2400
24.06.2024 06:10:56.513,32.86449,32.83354,500,3000
24.06.2024 06:10:56.563,32.86321,32.83359,1100,2300
24.06.2024 06:10:56.665,32.86472,32.83247,2900,3100
24.06.2024 06:10:56.916,32.8647,32.832460000000005,1000,2600
24.06.2024 06:10:57.268,32.86448000000001,32.832499999999996,3100,2400
24.06.2024 06:10:58.021,32.863440000000004,32.839870000000005,2300,3200
24.06.2024 06:10:58.274,32.86957,32.84303,2200,2300
24.06.2024 06:10:59.127,32.86972,32.84337,500,2400
24.06.2024 06:10:59.380,32.8697,32.843849999999996,1200,2500
24.06.2024 06:10:59.631,32.86226,32.83682,2800,700
24.06.2024 06:11:00.033,32.862280000000005,32.8369,2200,1100
24.06.2024 06:11:00.084,32.86143,32.83573,600,2500
24.06.2024 06:11:00.436,32.86145,32.844190000000005,500,2700
24.06.2024 06:11:02.493,32.85943,32.84440000000001,1300,2500
24.06.2024 06:11:03.498,32.86056,32.84416,900,3200
24.06.2024 06:11:03.749,32.860530000000004,32.8442,400,2600
24.06.2024 06:11:05.655,32.86027,32.84407,900,2900
24.06.2024 06:11:05.857,32.86024999999999,32.84407,600,2700
24.06.2024 06:11:08.667,32.85834,32.84339,800,2300
24.06.2024 06:11:08.769,32.85539,32.843399999999995,1100,2900
24.06.2024 06:11:08.820,32.8596,32.843410000000006,2300,3100
24.06.2024 06:11:09.072,32.860229999999994,32.843970000000006,400,2200
24.06.2024 06:11:11.177,32.859860000000005,32.844,1300,2500
24.06.2024 06:11:11.228,32.85985,32.84383,500,2700
24.06.2024 06:11:11.480,32.859930000000006,32.84257,700,2800
24.06.2024 06:11:14.787,32.85989,32.842510000000004,1300,2900
24.06.2024 06:11:16.091,32.85917,32.842580000000005,400,2600
24.06.2024 06:11:18.151,32.85914,32.84264,500,2600
24.06.2024 06:11:20.410,32.85519,32.84160000000001,1000,2400
24.06.2024 06:11:20.512,32.85452,32.84152,1000,2700
24.06.2024 06:11:20.663,32.854580000000006,32.82347,800,2400
24.06.2024 06:11:20.915,32.8545,32.82387000000001,600,2600
24.06.2024 06:11:21.117,32.84854000000001,32.823820000000005,400,3000
24.06.2024 06:11:21.168,32.848490000000005,32.82324,1100,3000
24.06.2024 06:11:21.419,32.84854000000001,32.82338,1200,2800
24.06.2024 06:11:21.520,32.848510000000005,32.82337,1300,2300
24.06.2024 06:11:21.672,32.84857,32.82490000000001,600,2200
24.06.2024 06:11:21.873,32.84854,32.82490000000001,1200,2700
24.06.2024 06:11:21.924,32.848549999999996,32.82456,800,2700
24.06.2024 06:11:22.075,32.84928,32.82461,1300,2600
24.06.2024 06:11:22.327,32.84921,32.824549999999995,600,2800
24.06.2024 06:11:22.428,32.84927,32.82448,700,3000
24.06.2024 06:11:22.529,32.84921,32.82446,1400,2400
24.06.2024 06:11:22.681,32.84921,32.823060000000005,900,450
24.06.2024 06:11:22.832,32.851510000000005,32.823100000000004,1400,50
24.06.2024 06:11:23.034,32.85194,32.823130000000006,1100,550
24.06.2024 06:11:23.185,32.850350000000006,32.825100000000006,2600,2500
24.06.2024 06:11:23.437,32.85192,32.82323,900,2400
24.06.2024 06:11:24.039,32.85192,32.823080000000004,700,50
24.06.2024 06:11:24.542,32.85194,32.82324,1300,2800
24.06.2024 06:11:24.793,32.8519,32.82307,500,50
24.06.2024 06:11:25.647,32.85193,32.82632,600,3200
24.06.2024 06:11:30.210,32.85195,32.82703,1300,2700
24.06.2024 06:11:30.412,32.851980000000005,32.82708,1100,3100
24.06.2024 06:11:30.463,32.85199,32.82883,1100,2600
24.06.2024 06:11:30.714,32.8521,32.832429999999995,400,2500
24.06.2024 06:11:30.916,32.85219,32.83246,600,2200
24.06.2024 06:11:30.967,32.85225,32.836169999999996,700,2900
24.06.2024 06:11:31.168,32.85224,32.83622,1000,3000
24.06.2024 06:11:31.219,32.85229,32.83952,600,3000
24.06.2024 06:11:31.370,32.85204,32.839549999999996,1200,3000
24.06.2024 06:11:31.572,32.85211,32.839549999999996,1100,2800
24.06.2024 06:11:32.124,32.85199,32.83942,1200,2900
24.06.2024 06:11:32.175,32.85178,32.83942,1200,3200
24.06.2024 06:11:32.276,32.85042,32.83938,1300,3100
24.06.2024 06:11:32.377,32.85047,32.83166,900,2500
24.06.2024 06:11:32.428,32.851470000000006,32.83162,500,2500
24.06.2024 06:11:32.629,32.85044,32.83025000000001,1400,500
24.06.2024 06:11:32.881,32.84961,32.82918,1100,3000
24.06.2024 06:11:32.932,32.84933,32.829240000000006,1300,3000
24.06.2024 06:11:33.033,32.84937000000001,32.82916,900,2700
24.06.2024 06:11:33.134,32.849380000000004,32.82399,800,900
24.06.2024 06:11:33.235,32.84933,32.82396,1000,500
24.06.2024 06:11:33.437,32.8493,32.81448,1400,2400
24.06.2024 06:11:33.738,32.84507,32.81262,3000,850
24.06.2024 06:11:34.040,32.84504,32.81,3000,3000
24.06.2024 06:11:34.241,32.84581,32.810649999999995,3000,3100
24.06.2024 06:11:34.493,32.84704,32.81187,2400,2400
24.06.2024 06:11:35.244,32.84569,32.811890000000005,3200,3100
24.06.2024 06:11:36.447,32.845749999999995,32.81189,2600,2500
24.06.2024 06:11:37.949,32.84573,32.811910000000005,2800,2300
24.06.2024 06:11:38.652,32.84573,32.81101,2500,2700
24.06.2024 06:11:39.757,32.84492,32.81108,2200,2300
24.06.2024 06:11:40.960,32.84487,32.81104,2500,2400
24.06.2024 06:11:41.211,32.84483,32.80868,2800,700
24.06.2024 06:11:42.114,32.84491,32.80901,2300,700
24.06.2024 06:11:43.669,32.842060000000004,32.80903,2800,1200
24.06.2024 06:11:43.770,32.842040000000004,32.80829,3100,2400
24.06.2024 06:11:43.921,32.84914,32.81327,2600,3000
24.06.2024 06:11:44.173,32.848330000000004,32.812470000000005,2800,2900
24.06.2024 06:11:44.274,32.84722000000001,32.81485,750,150
24.06.2024 06:11:45.782,32.850480000000005,32.80978,2600,2900
24.06.2024 06:11:46.688,32.84899,32.806960000000004,2700,700
24.06.2024 06:11:46.939,32.85569,32.807570000000005,600,600
24.06.2024 06:11:47.040,32.85564,32.80707,400,1000
24.06.2024 06:11:47.142,32.85591,32.80706,1200,1000
24.06.2024 06:11:47.795,32.85245,32.80913,2900,2300
24.06.2024 06:11:49.954,32.85108,32.81096,3000,2400
24.06.2024 06:11:51.159,32.85110000000001,32.81096,2700,2200
24.06.2024 06:11:52.313,32.851079999999996,32.80921,2300,2300
24.06.2024 06:11:53.869,32.85114,32.81092,2500,3000
24.06.2024 06:11:56.242,32.85118,32.810810000000004,2400,2500
24.06.2024 06:11:57.447,32.851220000000005,32.81072,2700,2300
24.06.2024 06:11:58.652,32.85127,32.81088,3200,2400
24.06.2024 06:11:59.857,32.85107,32.810970000000005,2900,3200
24.06.2024 06:12:01.061,32.85099,32.81094,2900,2200
24.06.2024 06:12:02.165,32.851040000000005,32.81109,2300,2900
24.06.2024 06:12:03.320,32.850880000000004,32.807700000000004,3000,600
24.06.2024 06:12:03.371,32.85087,32.807449999999996,2400,3000
24.06.2024 06:12:03.422,32.85092,32.80743,2800,1000
24.06.2024 06:12:03.472,32.8509,32.80747,3200,2900
24.06.2024 06:12:03.573,32.856170000000006,32.80695000000001,1100,1000
24.06.2024 06:12:04.075,32.85613,32.80695000000001,1200,400
24.06.2024 06:12:04.277,32.85816,32.80936,2900,800
24.06.2024 06:12:04.478,32.85532,32.80935000000001,2200,600
24.06.2024 06:12:04.730,32.85032,32.81051000000001,2900,2800
24.06.2024 06:12:04.932,32.85087,32.8093,2300,1000
24.06.2024 06:12:05.183,32.85085000000001,32.81025,2200,3000
24.06.2024 06:12:06.136,32.85206,32.81033,2400,2500
24.06.2024 06:12:06.538,32.85207,32.810649999999995,2300,2800
24.06.2024 06:12:07.643,32.851690000000005,32.810320000000004,2900,2300
24.06.2024 06:12:08.948,32.851820000000004,32.810550000000006,2700,3000
24.06.2024 06:12:09.200,32.85184,32.8102,2700,2400
24.06.2024 06:12:10.104,32.8521,32.810500000000005,2900,2900
24.06.2024 06:12:10.356,32.85184,32.81016,3100,2300
24.06.2024 06:12:10.658,32.8529,32.80922,2800,1300
24.06.2024 06:12:10.910,32.85191,32.8101,2600,3000
24.06.2024 06:12:11.162,32.85081,32.81315,2900,2300
24.06.2024 06:12:11.364,32.85136,32.813590000000005,2700,2600
24.06.2024 06:12:12.269,32.85035,32.81365,400,3000
24.06.2024 06:12:12.319,32.84919,32.80929,2400,600
24.06.2024 06:12:12.370,32.84924,32.80788,2800,900
24.06.2024 06:12:12.471,32.849070000000005,32.80782,600,700
24.06.2024 06:12:12.572,32.84876,32.80787,2300,600
24.06.2024 06:12:13.676,32.84684,32.808240000000005,2200,2700
24.06.2024 06:12:14.179,32.84703,32.808080000000004,3000,2500
24.06.2024 06:12:15.333,32.84673,32.807880000000004,2200,1200
24.06.2024 06:12:15.535,32.84666,32.808510000000005,2600,800
24.06.2024 06:12:15.586,32.846810000000005,32.8085,2300,1100
24.06.2024 06:12:15.838,32.84646000000001,32.808490000000006,3100,800
24.06.2024 06:12:16.340,32.84647,32.808490000000006,2700,1300
24.06.2024 06:12:17.845,32.84623,32.808460000000004,3000,700
24.06.2024 06:12:19.701,32.84563000000001,32.80847,2800,1000
24.06.2024 06:12:19.751,32.84559,32.808220000000006,2200,600
24.06.2024 06:12:19.952,32.84644,32.808220000000006,700,500
24.06.2024 06:12:20.053,32.84621,32.80828,1200,700
24.06.2024 06:12:20.254,32.84617,32.80821,500,1300
24.06.2024 06:12:20.907,32.84618,32.80820000000001,1000,700
24.06.2024 06:12:21.509,32.846180000000004,32.80825000000001,1100,800
24.06.2024 06:12:22.212,32.84619,32.80861,900,1300
24.06.2024 06:12:22.314,32.846160000000005,32.80856,3699.9999,900
24.06.2024 06:12:22.365,32.84620000000001,32.8082,3499.9999,800
24.06.2024 06:12:22.917,32.846180000000004,32.80822,600,1000
24.06.2024 06:12:23.720,32.84622,32.80822,800,900
24.06.2024 06:12:24.321,32.846199999999996,32.80821,1100,1000
24.06.2024 06:12:24.923,32.84617,32.8081,900,2200
24.06.2024 06:12:25.124,32.84619,32.80812,700,3200
24.06.2024 06:12:25.175,32.846180000000004,32.80783,1000,1100
24.06.2024 06:12:25.827,32.84611,32.80831,900,1000
24.06.2024 06:12:25.928,32.84617000000001,32.80832,1300,600
24.06.2024 06:12:26.080,32.84553,32.80831,1000,1300
24.06.2024 06:12:26.433,32.84714,32.8083,3100,700
24.06.2024 06:12:26.534,32.844260000000006,32.80832,3000,1400
24.06.2024 06:12:26.735,32.84546,32.808330000000005,3200,1100
24.06.2024 06:12:26.786,32.845530000000004,32.8086,2400,400
24.06.2024 06:12:27.740,32.846360000000004,32.80863,2400,600
24.06.2024 06:12:29.246,32.84617,32.80858,3000,400
24.06.2024 06:12:30.450,32.84621,32.80865,2400,900
24.06.2024 06:12:31.935,32.84633,32.80866,2400,600
24.06.2024 06:12:33.541,32.84622,32.80862,2600,400
24.06.2024 06:12:33.592,32.84619,32.80825,2400,1100
24.06.2024 06:12:33.793,32.84626,32.80825,2500,800
24.06.2024 06:12:34.646,32.84658,32.808260000000004,2600,1200
24.06.2024 06:12:35.148,32.844969999999996,32.808409999999995,2600,1100
24.06.2024 06:12:35.400,32.84487,32.80851,2800,400
24.06.2024 06:12:35.451,32.84489,32.80825000000001,2400,1200
24.06.2024 06:12:35.652,32.8448,32.808310000000006,3100,600
24.06.2024 06:12:36.255,32.84484,32.808479999999996,3000,700
24.06.2024 06:12:36.756,32.84638,32.80849,3200,500
24.06.2024 06:12:38.768,32.846360000000004,32.80832,2500,800
24.06.2024 06:12:38.819,32.844860000000004,32.80834,2800,1100
24.06.2024 06:12:40.272,32.846149999999994,32.80832,2600,500
24.06.2024 06:12:40.523,32.84659,32.80831,2500,1300
24.06.2024 06:12:40.774,32.84622,32.80833,2600,700
24.06.2024 06:12:40.876,32.8462,32.80827000000001,2500,1100
24.06.2024 06:12:41.027,32.84621,32.80825000000001,2500,400
24.06.2024 06:12:41.279,32.84682,32.808260000000004,3200,1300
24.06.2024 06:12:41.480,32.84682,32.80829,3100,1200
24.06.2024 06:12:41.531,32.846830000000004,32.80845,2700,1000
24.06.2024 06:12:42.635,32.84640000000001,32.80848,2500,800
24.06.2024 06:12:43.237,32.84642000000001,32.8087,3200,500
24.06.2024 06:12:43.840,32.84626,32.8087,2400,900
24.06.2024 06:12:44.543,32.84666,32.80866,2400,900
24.06.2024 06:12:45.748,32.84646,32.80865,2800,700
24.06.2024 06:12:48.456,32.84641,32.80861,2800,1300
24.06.2024 06:12:49.109,32.846450000000004,32.80825,3100,700
24.06.2024 06:12:49.160,32.84753,32.808699999999995,1000,2300
24.06.2024 06:12:49.411,32.84749,32.8082,1400,1200
24.06.2024 06:12:49.663,32.84971,32.80823,2600,1100
24.06.2024 06:12:49.914,32.84821,32.8082,2400,1200
24.06.2024 06:12:50.116,32.848169999999996,32.80845,2200,800
24.06.2024 06:12:50.167,32.850300000000004,32.80845,2800,1200
24.06.2024 06:12:52.676,32.847030000000004,32.8084,2400,1300
24.06.2024 06:12:52.727,32.84696,32.80734,2900,1400
24.06.2024 06:12:52.778,32.84698,32.80705,2700,2800
24.06.2024 06:12:52.829,32.84700000000001,32.80709,3000,800
24.06.2024 06:12:52.930,32.84747,32.811189999999996,800,2400
24.06.2024 06:12:53.231,32.84861,32.81123,2300,2400
24.06.2024 06:12:53.282,32.85076,32.811530000000005,450,550
24.06.2024 06:12:53.736,32.84898,32.81157,1100,750
24.06.2024 06:12:53.787,32.84898,32.809279999999994,1200,2600
24.06.2024 06:12:54.741,32.849019999999996,32.808800000000005,1100,3100
24.06.2024 06:12:55.195,32.84901,32.80789,900,700
24.06.2024 06:12:55.245,32.848969999999994,32.80793,1200,1100
24.06.2024 06:12:55.346,32.84906,32.807900000000004,900,900
24.06.2024 06:12:55.448,32.84899,32.809160000000006,1000,2600
24.06.2024 06:12:55.850,32.848960000000005,32.809160000000006,700,3000
24.06.2024 06:12:56.252,32.84895,32.808620000000005,700,3000
24.06.2024 06:12:56.854,32.84903,32.80863,800,2300
24.06.2024 06:12:57.457,32.84895,32.80859,1400,2700
24.06.2024 06:12:57.860,32.848949999999995,32.808640000000004,1100,3100
24.06.2024 06:12:58.662,32.84901,32.80857,600,2800
24.06.2024 06:12:58.863,32.84893,32.808640000000004,600,3200
24.06.2024 06:12:59.867,32.848949999999995,32.80853,500,3000
24.06.2024 06:13:00.669,32.84893,32.80859,1200,2200
24.06.2024 06:13:01.370,32.848910000000004,32.808600000000006,900,2900
24.06.2024 06:13:01.621,32.84890000000001,32.808530000000005,1200,2200
24.06.2024 06:13:02.624,32.848910000000004,32.808620000000005,700,2300
24.06.2024 06:13:02.875,32.84892,32.808510000000005,400,2500
24.06.2024 06:13:03.476,32.848910000000004,32.80878,1000,2600
24.06.2024 06:13:03.627,32.84891,32.80881,600,2800
24.06.2024 06:13:04.630,32.84894,32.80879,1000,2600
24.06.2024 06:13:05.632,32.8489,32.80887,1200,2500
24.06.2024 06:13:06.033,32.84888,32.80809,1100,2500
24.06.2024 06:13:06.284,32.84893,32.80897,900,2200
24.06.2024 06:13:06.536,32.84886,32.81101,800,850
24.06.2024 06:13:06.838,32.84888,32.81103,1200,750
24.06.2024 06:13:07.039,32.84893,32.80847000000001,500,2400
24.06.2024 06:13:07.341,32.85157,32.81771,700,2200
24.06.2024 06:13:07.592,32.85159,32.81624,1100,2800
24.06.2024 06:13:08.095,32.852090000000004,32.81621,2300,2300
24.06.2024 06:13:08.747,32.852090000000004,32.81626,2600,2500
24.06.2024 06:13:08.848,32.85228000000001,32.81639,2800,2500
24.06.2024 06:13:09.150,32.85222,32.816399999999994,2700,2300
24.06.2024 06:13:10.053,32.85226,32.81643,1000,2800
24.06.2024 06:13:10.154,32.85224,32.81637,600,2300
24.06.2024 06:13:11.358,32.85221,32.81638,500,2400
24.06.2024 06:13:11.609,32.852149999999995,32.81635,3000,2500
24.06.2024 06:13:12.162,32.85166,32.81575,2500,2200
24.06.2024 06:13:12.414,32.85032,32.81442,2400,2300
24.06.2024 06:13:13.369,32.8504,32.81451,2900,2300
24.06.2024 06:13:13.620,32.85197,32.81605,2300,3200
24.06.2024 06:13:14.573,32.85193,32.81602,3000,3200
24.06.2024 06:13:14.875,32.85114,32.81529,3000,3100
24.06.2024 06:13:15.729,32.851130000000005,32.81524,3200,2400
24.06.2024 06:13:16.582,32.85027,32.81432,2400,3000
24.06.2024 06:13:16.867,32.85086,32.81527,2900,2300
24.06.2024 06:13:17.120,32.851560000000006,32.81607,800,3000
24.06.2024 06:13:17.922,32.851560000000006,32.81611,1100,2400
24.06.2024 06:13:18.174,32.851560000000006,32.816610000000004,1300,3000
24.06.2024 06:13:19.076,32.85177,32.81665,700,2900
24.06.2024 06:13:19.277,32.85163,32.81631,1100,2400
24.06.2024 06:13:19.679,32.85155,32.81635000000001,1100,3100
24.06.2024 06:13:21.332,32.85163,32.81583,1000,2700
24.06.2024 06:13:21.533,32.851580000000006,32.81584,1100,2300
24.06.2024 06:13:21.584,32.85159,32.81605,1200,2300
24.06.2024 06:13:22.636,32.85122,32.81612,850,2700
24.06.2024 06:13:22.787,32.85127,32.81656,150,3000
24.06.2024 06:13:23.188,32.85163000000001,32.81660000000001,1200,3000
24.06.2024 06:13:23.239,32.85161000000001,32.81611,700,2800
24.06.2024 06:13:23.440,32.85161000000001,32.8161,1200,2300
24.06.2024 06:13:23.741,32.85155,32.81611,1400,2600
24.06.2024 06:13:23.842,32.85126,32.81607,650,3100
24.06.2024 06:13:24.945,32.85126,32.81609,-50,2900
24.06.2024 06:13:25.196,32.851200000000006,32.816610000000004,450,3100
24.06.2024 06:13:25.848,32.85126,32.81653,250,2800
24.06.2024 06:13:27.353,32.85126,32.81655000000001,450,2900
24.06.2024 06:13:27.605,32.850210000000004,32.81456,2500,2800
24.06.2024 06:13:27.856,32.85027000000001,32.81462,2900,2500
24.06.2024 06:13:28.108,32.85163000000001,32.81592,3899.9999,2400
24.06.2024 06:13:28.509,32.85064,32.815020000000004,2700,2500
24.06.2024 06:13:28.760,32.851580000000006,32.81611,500,3100
24.06.2024 06:13:29.863,32.851299999999995,32.81662000000001,750,2300
24.06.2024 06:13:30.114,32.851369999999996,32.816660000000006,550,2300
24.06.2024 06:13:31.067,32.8513,32.81658,250,2700
24.06.2024 06:13:32.421,32.85126,32.81663,550,3200
24.06.2024 06:13:32.572,32.85128,32.81666,950,3200
24.06.2024 06:13:33.776,32.85122,32.816579999999995,50,2800
24.06.2024 06:13:34.981,32.85119,32.81664,650,2800
24.06.2024 06:13:35.534,32.85079,32.81506,2500,2700
24.06.2024 06:13:35.786,32.84986,32.8146,2500,1100
24.06.2024 06:13:36.038,32.851580000000006,32.81604,2500,2800
24.06.2024 06:13:36.290,32.850669999999994,32.81517,3100,2900
24.06.2024 06:13:46.775,32.861670000000004,32.81902000000001,2400,1000
24.06.2024 06:13:46.977,32.85897,32.822129999999994,2700,2700
24.06.2024 06:13:47.481,32.863040000000005,32.81900000000001,600,700
24.06.2024 06:13:47.733,32.85713,32.82121,3100,3100
24.06.2024 06:13:47.934,32.85535,32.81949,2500,1100
24.06.2024 06:13:48.085,32.85535,32.819140000000004,2900,600
24.06.2024 06:13:49.293,32.85824,32.81965000000001,1200,1200
24.06.2024 06:13:50.045,32.85765,32.81962000000001,1200,1200
24.06.2024 06:13:50.747,32.857690000000005,32.81960000000001,1100,500
24.06.2024 06:13:51.099,32.85608,32.819630000000004,1000,1100
24.06.2024 06:13:51.503,32.854130000000005,32.81976,1300,500
24.06.2024 06:13:51.855,32.85418,32.81976,1300,1100
24.06.2024 06:13:54.326,32.854130000000005,32.819770000000005,1200,800
24.06.2024 06:13:55.077,32.85412,32.81973000000001,900,1200
24.06.2024 06:13:56.632,32.854099999999995,32.81982000000001,1000,600
24.06.2024 06:14:00.141,32.853880000000004,32.81949,800,1100
24.06.2024 06:14:00.242,32.853840000000005,32.81949,1000,600
24.06.2024 06:14:00.394,32.85383,32.82499,500,2800
24.06.2024 06:14:00.496,32.85368,32.82499,700,3100
24.06.2024 06:14:00.546,32.85373,32.824999999999996,500,3100
24.06.2024 06:14:00.597,32.85363,32.82503,500,3000
24.06.2024 06:14:00.648,32.85441,32.819370000000006,900,500
24.06.2024 06:14:00.849,32.85361,32.819410000000005,1300,400
24.06.2024 06:14:01.151,32.853570000000005,32.81945,600,1000
24.06.2024 06:14:13.182,32.853660000000005,32.81942,500,600
24.06.2024 06:14:13.483,32.853120000000004,32.8194,2800,1300
24.06.2024 06:14:28.517,32.85315,32.8194,2200,1300
24.06.2024 06:14:28.768,32.85286,32.819430000000004,2500,1100
24.06.2024 06:14:29.020,32.84996,32.82235000000001,2300,3200
24.06.2024 06:14:29.271,32.84994999999999,32.82236,2800,2700
24.06.2024 06:14:29.522,32.84996,32.82233,2900,2300
24.06.2024 06:14:30.024,32.85094,32.823370000000004,3000,2700
24.06.2024 06:14:30.426,32.85004,32.822410000000005,2400,2200
24.06.2024 06:14:30.678,32.850190000000005,32.822570000000006,2300,3000
24.06.2024 06:14:30.930,32.853680000000004,32.82602,2500,2800
24.06.2024 06:14:32.135,32.85354,32.82586,3200,3100
24.06.2024 06:14:32.963,32.85347,32.825849999999996,2900,2300
24.06.2024 06:14:33.366,32.85387,32.824780000000004,3000,2700
24.06.2024 06:14:33.617,32.85197,32.81974,3100,400
24.06.2024 06:14:34.069,32.85231,32.819810000000004,2300,700
24.06.2024 06:14:34.520,32.85231,32.81899000000001,2400,700
24.06.2024 06:14:34.571,32.854,32.821000000000005,1200,2600
24.06.2024 06:14:34.823,32.854020000000006,32.820879999999995,900,2300
24.06.2024 06:14:36.980,32.85398,32.82096,1300,3100
24.06.2024 06:14:39.339,32.85396,32.82094,900,2900
24.06.2024 06:14:39.941,32.85527,32.81969,3200,2800
24.06.2024 06:14:40.192,32.8559,32.819500000000005,2300,1000
24.06.2024 06:14:40.946,32.85595000000001,32.81948,2400,900
24.06.2024 06:14:41.498,32.85598,32.81897000000001,2900,1400
24.06.2024 06:14:41.549,32.85564,32.81904000000001,2900,1100
24.06.2024 06:14:41.750,32.85363,32.81902000000001,900,1300
24.06.2024 06:14:43.254,32.85246,32.819010000000006,800,600
24.06.2024 06:14:44.862,32.84870000000001,32.81907,1400,2700
24.06.2024 06:14:45.014,32.84879000000001,32.82009,700,1400
24.06.2024 06:14:45.115,32.848760000000006,32.82012,1000,1000
24.06.2024 06:14:45.266,32.847190000000005,32.820080000000004,700,700
24.06.2024 06:14:45.367,32.84711,32.821560000000005,1200,2800
24.06.2024 06:14:45.468,32.846940000000004,32.82159,1000,3200
24.06.2024 06:14:45.621,32.84693000000001,32.82217000000001,1300,-50
24.06.2024 06:14:45.722,32.84671,32.82220000000001,1400,450
24.06.2024 06:14:46.024,32.84669,32.822230000000005,1300,850
24.06.2024 06:14:46.075,32.84669,32.821749999999994,900,2600
24.06.2024 06:14:46.176,32.84669,32.82171,800,850
24.06.2024 06:14:46.227,32.847680000000004,32.82166,1400,950
24.06.2024 06:14:46.328,32.84765,32.82184,900,3200
24.06.2024 06:14:46.429,32.84769,32.82182,900,3000
24.06.2024 06:14:49.889,32.85014,32.82447,3100,2800
24.06.2024 06:14:50.041,32.84911,32.82454,900,2600
24.06.2024 06:14:50.142,32.84913,32.82227,800,3100
24.06.2024 06:14:52.199,32.84915,32.82226,1300,2700
24.06.2024 06:14:52.701,32.849140000000006,32.82222,800,2600
24.06.2024 06:14:54.105,32.84798,32.82223,800,2700
24.06.2024 06:14:54.456,32.84774,32.82229,900,3000
24.06.2024 06:15:00.073,32.850100000000005,32.82096000000001,800,2800
24.06.2024 06:15:00.325,32.85014,32.82091,1200,2900
24.06.2024 06:15:00.576,32.84901,32.82091,1300,3000
24.06.2024 06:15:01.329,32.84904,32.822880000000005,1300,2500
24.06.2024 06:15:01.581,32.849000000000004,32.82094,1100,3100
24.06.2024 06:15:02.183,32.84902,32.82276,1100,2300
24.06.2024 06:15:02.434,32.84899,32.82091,500,2300
24.06.2024 06:15:02.887,32.848299999999995,32.820460000000004,1000,700
24.06.2024 06:15:02.937,32.84833,32.819720000000004,1300,3000
24.06.2024 06:15:02.988,32.84831,32.82016,1200,700
24.06.2024 06:15:03.089,32.848330000000004,32.820119999999996,400,400
24.06.2024 06:15:03.893,32.84835,32.82027000000001,1200,2700
24.06.2024 06:15:04.045,32.84803,32.82018000000001,1300,2700
24.06.2024 06:15:04.146,32.84803,32.82018,400,1000
24.06.2024 06:15:04.399,32.84798,32.81915000000001,700,600
24.06.2024 06:15:04.450,32.84799,32.81998000000001,1300,600
24.06.2024 06:15:06.706,32.848020000000005,32.820260000000005,500,3100
24.06.2024 06:15:06.957,32.848020000000005,32.82022,1300,2300
24.06.2024 06:15:07.208,32.84799,32.81998000000001,900,600
24.06.2024 06:15:08.110,32.84801,32.820229999999995,1300,3100
24.06.2024 06:15:08.361,32.848020000000005,32.81993000000001,1100,1000
24.06.2024 06:15:10.065,32.84815,32.82002000000001,600,800
24.06.2024 06:15:11.284,32.84812,32.82018000000001,1400,1300
24.06.2024 06:15:12.088,32.84819,32.8202,1400,2500
24.06.2024 06:15:12.339,32.8482,32.82016,1100,400
24.06.2024 06:15:13.392,32.84819,32.82027,1400,2600
24.06.2024 06:15:13.443,32.84833,32.82021,600,3100
24.06.2024 06:15:13.644,32.84831,32.82016,900,1300
24.06.2024 06:15:20.015,32.84834,32.8198,1300,2400
24.06.2024 06:15:20.066,32.84807,32.82034,500,1000
24.06.2024 06:15:21.220,32.847710000000006,32.82096,1100,1100
24.06.2024 06:15:22.174,32.84776000000001,32.82217,500,750
24.06.2024 06:15:25.181,32.84752,32.8222,1300,550
24.06.2024 06:15:25.785,32.84644,32.82222,700,950
24.06.2024 06:15:25.937,32.84647,32.82276,1200,700
24.06.2024 06:15:25.988,32.84616,32.82224,900,1000
24.06.2024 06:15:26.039,32.84615,32.82229,1400,900
24.06.2024 06:15:26.241,32.84547,32.822320000000005,700,1000
24.06.2024 06:15:26.543,32.84552000000001,32.82255,400,600
24.06.2024 06:15:26.795,32.845530000000004,32.82146,1300,400
24.06.2024 06:15:26.846,32.84666,32.82351,800,600
24.06.2024 06:15:26.947,32.84661,32.826260000000005,800,150
24.06.2024 06:15:27.049,32.84664,32.82632,600,350
24.06.2024 06:15:27.151,32.8454,32.82631000000001,1200,850
24.06.2024 06:15:27.403,32.84535,32.826260000000005,400,450
24.06.2024 06:15:27.555,32.845290000000006,32.826330000000006,1200,850
24.06.2024 06:15:27.958,32.84532000000001,32.82531,1000,50
24.06.2024 06:15:30.017,32.84534000000001,32.825,1400,50
24.06.2024 06:15:38.246,32.84545000000001,32.82499,700,750
24.06.2024 06:15:38.297,32.84539,32.824960000000004,1100,650
24.06.2024 06:15:38.348,32.84534,32.82274,600,2900
24.06.2024 06:15:38.450,32.845310000000005,32.822770000000006,1000,3100
24.06.2024 06:15:38.500,32.845400000000005,32.821200000000005,1400,500
24.06.2024 06:15:39.605,32.84536000000001,32.8215,800,800
24.06.2024 06:15:48.447,32.84545000000001,32.8215,1000,400
24.06.2024 06:15:50.051,32.845710000000004,32.821419999999996,1400,1200
24.06.2024 06:15:50.102,32.84499,32.82149,800,700
24.06.2024 06:15:50.153,32.84499,32.821220000000004,1300,1200
24.06.2024 06:15:51.057,32.84503000000001,32.821220000000004,1200,1300
24.06.2024 06:15:59.076,32.84503,32.82128,500,800
24.06.2024 06:16:01.082,32.8458,32.82119000000001,1200,1300
24.06.2024 06:16:01.133,32.84572,32.82183,1000,1300
24.06.2024 06:16:01.184,32.84573,32.82082,1000,700
24.06.2024 06:16:01.235,32.845690000000005,32.82192,1200,1400
24.06.2024 06:16:01.337,32.84595,32.82574,800,350
24.06.2024 06:16:01.439,32.8445,32.82569,800,550
24.06.2024 06:16:01.641,32.844150000000006,32.82573000000001,700,650
24.06.2024 06:16:02.395,32.84412,32.82372,900,250
24.06.2024 06:16:03.048,32.84526,32.82367,1200,250
24.06.2024 06:16:03.250,32.84536,32.823750000000004,400,250
24.06.2024 06:16:03.402,32.84531,32.82558,700,-50
24.06.2024 06:16:03.454,32.84592,32.82558,1400,750
24.06.2024 06:16:03.555,32.84447,32.82556,800,650
24.06.2024 06:16:03.656,32.84451,32.82086,1200,1000
24.06.2024 06:16:03.757,32.84529,32.8209,800,1200
24.06.2024 06:16:03.959,32.845220000000005,32.82095,1300,600
24.06.2024 06:16:04.661,32.84439999999999,32.82073,700,1000
24.06.2024 06:16:04.763,32.84439,32.82269,900,1100
24.06.2024 06:16:04.864,32.84412,32.82269,800,700
24.06.2024 06:16:05.717,32.844049999999996,32.821220000000004,1300,1000
24.06.2024 06:16:06.571,32.84409,32.82096,1200,1300
24.06.2024 06:16:16.101,32.84403,32.821220000000004,700,700
24.06.2024 06:16:17.305,32.84417,32.82126,1200,1000
24.06.2024 06:16:18.710,32.84427,32.821270000000005,600,800
24.06.2024 06:16:21.068,32.84437,32.821220000000004,900,800
24.06.2024 06:16:25.897,32.84441,32.82231,800,3000
24.06.2024 06:16:26.149,32.84445,32.821200000000005,1000,400
24.06.2024 06:16:27.906,32.84444,32.822340000000004,500,2900
24.06.2024 06:16:28.057,32.84415,32.82233,900,3000
24.06.2024 06:16:28.208,32.84409,32.82126,1000,1200
24.06.2024 06:16:28.760,32.84411,32.82231,700,2700
24.06.2024 06:16:29.012,32.84411,32.821270000000005,700,500
24.06.2024 06:16:32.873,32.84417,32.82227,600,2600
24.06.2024 06:16:33.125,32.84409,32.82124,800,900
24.06.2024 06:16:33.528,32.84409000000001,32.821270000000005,700,1100
24.06.2024 06:16:34.131,32.84407,32.82119,1000,600
24.06.2024 06:16:36.938,32.84402000000001,32.821270000000005,800,1400
24.06.2024 06:16:40.949,32.84400000000001,32.82233,1200,2400
24.06.2024 06:16:41.201,32.84407000000001,32.821200000000005,400,700
24.06.2024 06:16:50.024,32.84415,32.82123,1000,1300
24.06.2024 06:16:55.890,32.84408,32.822230000000005,1200,2800
24.06.2024 06:16:55.941,32.84686,32.822230000000005,1100,3200
24.06.2024 06:16:56.043,32.847449999999995,32.822280000000006,800,2900
24.06.2024 06:16:56.144,32.84749,32.820350000000005,600,3100
24.06.2024 06:16:56.346,32.84582,32.82036,400,2800
24.06.2024 06:16:56.448,32.84579,32.820890000000006,1200,500
24.06.2024 06:16:56.851,32.845890000000004,32.82184,500,550
24.06.2024 06:16:57.153,32.845290000000006,32.82182,900,350
24.06.2024 06:16:57.355,32.84521,32.821830000000006,400,250
24.06.2024 06:16:58.009,32.8452,32.822160000000004,400,750
24.06.2024 06:16:58.511,32.84525000000001,32.82224,800,250
24.06.2024 06:16:58.613,32.842929999999996,32.82217,1100,550
24.06.2024 06:16:58.765,32.8426,32.822160000000004,500,850
24.06.2024 06:16:58.968,32.842580000000005,32.822210000000005,1000,-50
24.06.2024 06:16:59.069,32.842600000000004,32.82204,1300,500
24.06.2024 06:17:04.246,32.84255,32.82195,700,1100
24.06.2024 06:17:07.004,32.842650000000006,32.821960000000004,1100,1400
24.06.2024 06:17:10.064,32.843090000000004,32.822010000000006,1000,1000
24.06.2024 06:17:12.067,32.84253,32.82199,800,600
24.06.2024 06:17:12.319,32.84261,32.82232,800,600
24.06.2024 06:17:18.937,32.84265,32.82237,500,1200
24.06.2024 06:17:20.340,32.84265,32.82236,1300,500
24.06.2024 06:17:24.349,32.842670000000005,32.82238,1300,600
24.06.2024 06:17:24.600,32.842620000000004,32.822329999999994,1400,2700
24.06.2024 06:17:25.103,32.84268,32.82231,1400,1100
24.06.2024 06:17:30.066,32.84277,32.82233,700,1400
24.06.2024 06:17:31.269,32.842800000000004,32.82239,1000,1000
24.06.2024 06:17:39.019,32.84264,32.822030000000005,800,900
24.06.2024 06:17:39.070,32.845510000000004,32.822109999999995,700,600
24.06.2024 06:17:39.121,32.84663,32.82213,900,600
24.06.2024 06:17:39.172,32.84663,32.82186,1100,600
24.06.2024 06:17:39.223,32.84661,32.82237,800,600
24.06.2024 06:17:39.325,32.845859999999995,32.82392,500,1000
24.06.2024 06:17:39.477,32.845909999999996,32.82232,1300,900
24.06.2024 06:17:39.528,32.84509,32.82215000000001,700,900
24.06.2024 06:17:39.630,32.84515,32.82279,1300,1100
24.06.2024 06:17:39.731,32.845130000000005,32.8227,500,700
24.06.2024 06:17:41.286,32.845150000000004,32.82284,900,700
24.06.2024 06:17:41.838,32.84505,32.82539,1400,750
24.06.2024 06:17:41.940,32.845099999999995,32.82538,900,350
24.06.2024 06:17:42.842,32.84509,32.8253,500,50
24.06.2024 06:17:43.293,32.84512,32.82161,600,1300
24.06.2024 06:17:47.657,32.84527,32.82202,1200,700
24.06.2024 06:17:47.909,32.84526,32.826660000000004,800,950
24.06.2024 06:17:58.494,32.8452,32.82678,1300,650
24.06.2024 06:17:58.795,32.84516,32.82682,400,750
24.06.2024 06:18:08.829,32.84526,32.8268,700,50
24.06.2024 06:18:10.185,32.845270000000006,32.82678,900,250
24.06.2024 06:18:10.599,32.84526,32.826769999999996,1400,150
24.06.2024 06:18:12.408,32.845220000000005,32.826769999999996,900,350
24.06.2024 06:18:12.810,32.8453,32.8268,1100,250
24.06.2024 06:18:22.390,32.84523,32.82676,800,650
24.06.2024 06:18:35.116,32.84514,32.82676,1400,50
24.06.2024 06:18:35.168,32.846500000000006,32.82231,1200,700
24.06.2024 06:18:35.319,32.84658,32.82249,600,1300
24.06.2024 06:18:35.370,32.84653,32.82229,800,500
24.06.2024 06:18:35.521,32.84526,32.824780000000004,600,850
24.06.2024 06:18:35.674,32.84528,32.82227,600,800
24.06.2024 06:18:35.725,32.84526,32.822280000000006,400,700
24.06.2024 06:18:36.127,32.84639,32.82167,600,500
24.06.2024 06:18:36.228,32.84634,32.822250000000004,1300,400
24.06.2024 06:18:36.330,32.84642,32.82223,400,500
24.06.2024 06:18:37.235,32.84635,32.822340000000004,700,700
24.06.2024 06:18:38.439,32.846410000000006,32.82247,600,1000
24.06.2024 06:18:38.640,32.846340000000005,32.82222,500,600
24.06.2024 06:18:39.695,32.84633,32.82214999999999,1400,400
24.06.2024 06:18:40.047,32.84656,32.82214999999999,700,700
24.06.2024 06:18:47.620,32.84656,32.82237,500,1100
24.06.2024 06:18:52.255,32.84669,32.82237,1300,800
24.06.2024 06:18:52.306,32.8467,32.82205,1400,600
24.06.2024 06:18:52.457,32.84669,32.82211,600,400
24.06.2024 06:18:52.609,32.846700000000006,32.822280000000006,1000,1100
24.06.2024 06:18:52.659,32.84679,32.822120000000005,1300,700
24.06.2024 06:18:52.861,32.84408,32.821749999999994,1200,1300
24.06.2024 06:18:52.963,32.84408,32.82214,1100,700
24.06.2024 06:18:53.064,32.84482,32.82217,600,1300
24.06.2024 06:18:53.867,32.84402000000001,32.82211,500,600
24.06.2024 06:18:53.918,32.844080000000005,32.822120000000005,700,500
24.06.2024 06:18:54.069,32.84373,32.822140000000005,500,900
24.06.2024 06:19:03.342,32.84375,32.822190000000006,700,1000
24.06.2024 06:19:04.546,32.843740000000004,32.82217,700,700
24.06.2024 06:19:05.099,32.84371,32.82209,1000,500
24.06.2024 06:19:05.150,32.84373,32.82197,1100,1000
24.06.2024 06:19:05.352,32.843990000000005,32.822810000000004,600,600
24.06.2024 06:19:05.553,32.84396,32.823570000000004,500,3000
24.06.2024 06:19:06.456,32.843900000000005,32.823640000000005,700,2400
24.06.2024 06:19:07.209,32.843900000000005,32.823420000000006,1200,2300
24.06.2024 06:19:07.612,32.84582,32.82340000000001,2800,2400
24.06.2024 06:19:07.714,32.84602,32.82219,900,700
24.06.2024 06:19:07.815,32.84683,32.82394,1100,900
24.06.2024 06:19:07.866,32.84618,32.82213,1000,400
24.06.2024 06:19:07.917,32.84615000000001,32.822050000000004,600,400
24.06.2024 06:19:07.968,32.84615000000001,32.822120000000005,900,800
24.06.2024 06:19:08.070,32.84616,32.822100000000006,500,1300
24.06.2024 06:19:08.172,32.84502,32.822280000000006,1300,1200
24.06.2024 06:19:08.323,32.84464,32.822300000000006,1200,500
24.06.2024 06:19:09.077,32.84496,32.82231,1200,1200
24.06.2024 06:19:09.178,32.84496,32.82228,400,700
24.06.2024 06:19:10.533,32.84464,32.8223,1200,900
24.06.2024 06:19:11.739,32.844629999999995,32.82224,1200,1400
24.06.2024 06:19:12.242,32.84464,32.82202,1000,900
24.06.2024 06:19:12.292,32.84464,32.82218,1000,800
24.06.2024 06:19:12.444,32.84462,32.82205,1300,1300
24.06.2024 06:19:12.746,32.844629999999995,32.82215,900,1000
24.06.2024 06:19:13.850,32.84468,32.822250000000004,900,1200
24.06.2024 06:19:14.853,32.84464,32.82234,1300,1200
24.06.2024 06:19:17.213,32.84467,32.82216,500,600
24.06.2024 06:19:17.915,32.844649999999994,32.822280000000006,1300,500
24.06.2024 06:19:18.167,32.84469,32.82104,700,500
24.06.2024 06:19:18.369,32.84462,32.82083,1300,700
24.06.2024 06:19:18.570,32.84469,32.821110000000004,500,1000
24.06.2024 06:19:18.672,32.84462,32.82193,1300,600
24.06.2024 06:19:18.773,32.8447,32.82192,1200,1400
24.06.2024 06:19:18.975,32.84467,32.82192,500,1000
24.06.2024 06:19:19.026,32.84464,32.8219,1300,700
24.06.2024 06:19:19.627,32.844629999999995,32.82185,1300,500
24.06.2024 06:19:28.705,32.844699999999996,32.82213000000001,900,1100
24.06.2024 06:19:28.907,32.84467,32.822030000000005,600,700
24.06.2024 06:19:29.059,32.84467,32.82093,1200,900
24.06.2024 06:19:29.109,32.84466,32.822070000000004,500,1000
24.06.2024 06:19:31.267,32.84467,32.82216,900,500
24.06.2024 06:19:35.128,32.844609999999996,32.82258,1200,600
24.06.2024 06:19:35.329,32.84468,32.82217,1300,800
24.06.2024 06:19:36.636,32.84469,32.8219,1400,1000
24.06.2024 06:19:36.687,32.84464,32.82215,500,900
24.06.2024 06:19:41.251,32.844699999999996,32.822300000000006,1000,1100
24.06.2024 06:19:41.654,32.844910000000006,32.823460000000004,500,1200
24.06.2024 06:19:41.856,32.844930000000005,32.823989999999995,400,2900
24.06.2024 06:19:42.559,32.845960000000005,32.82396,900,2400
24.06.2024 06:19:42.610,32.84595,32.823899999999995,1200,2300
24.06.2024 06:19:42.762,32.84642,32.82389,800,3000
24.06.2024 06:19:42.813,32.844629999999995,32.82216,1300,450
24.06.2024 06:19:42.914,32.84468,32.82229,900,800
24.06.2024 06:19:43.869,32.84455,32.82226000000001,1100,1200
24.06.2024 06:19:43.920,32.84451,32.82207,1100,900
24.06.2024 06:19:44.071,32.84522,32.8221,800,900
24.06.2024 06:19:44.223,32.84519,32.82209,1400,900
24.06.2024 06:19:44.274,32.845420000000004,32.82206,1300,600
24.06.2024 06:19:45.078,32.84546,32.82215,600,800
24.06.2024 06:19:48.643,32.845099999999995,32.82214,800,1100
24.06.2024 06:19:51.850,32.84116,32.82214,1200,500
24.06.2024 06:19:51.901,32.8411,32.82074,800,500
24.06.2024 06:19:51.952,32.84115,32.82106,1000,400
24.06.2024 06:19:52.003,32.841120000000004,32.82049000000001,900,1200
24.06.2024 06:19:52.054,32.8373,32.82076,800,700
24.06.2024 06:19:52.105,32.8385,32.8217,1000,350
24.06.2024 06:19:52.257,32.838550000000005,32.82180000000001,900,650
24.06.2024 06:19:52.358,32.838519999999995,32.821760000000005,1200,350
24.06.2024 06:19:53.262,32.836040000000004,32.82179000000001,1400,550
24.06.2024 06:19:53.313,32.83997000000001,32.82175000000001,2600,650
24.06.2024 06:19:53.515,32.841,32.821760000000005,2900,150
24.06.2024 06:19:53.667,32.84099,32.82126,2800,350
24.06.2024 06:19:53.768,32.84154,32.821630000000006,2400,750
24.06.2024 06:19:53.870,32.84155,32.82287,2900,600
24.06.2024 06:19:54.021,32.84192000000001,32.82287,3100,1200
24.06.2024 06:19:54.724,32.84190000000001,32.821960000000004,2800,1100
24.06.2024 06:19:54.776,32.841640000000005,32.82298000000001,2600,600
24.06.2024 06:19:54.827,32.84167,32.82286,3200,1000
24.06.2024 06:19:54.878,32.84165,32.824380000000005,3200,550
24.06.2024 06:19:55.030,32.84179,32.82437,2400,850
24.06.2024 06:19:55.232,32.84172,32.824450000000006,3200,350
24.06.2024 06:19:55.484,32.84082,32.824450000000006,2400,250
24.06.2024 06:19:55.987,32.84085,32.82276,2600,1400
24.06.2024 06:19:56.038,32.84081,32.822610000000005,2600,150
24.06.2024 06:19:56.089,32.84284,32.82255,3200,50
24.06.2024 06:19:56.541,32.84281,32.82256,2300,750
24.06.2024 06:19:58.798,32.84086,32.82262,3200,850
24.06.2024 06:19:59.050,32.84393,32.82251,2500,1100
24.06.2024 06:19:59.302,32.84169000000001,32.82253,2500,1300
24.06.2024 06:20:00.305,32.8408,32.82253,2500,900
24.06.2024 06:20:00.607,32.841640000000005,32.822520000000004,3100,1100
24.06.2024 06:20:00.858,32.840830000000004,32.82318000000001,2200,350
24.06.2024 06:20:01.110,32.84172,32.82325000000001,2900,750
24.06.2024 06:20:02.064,32.84086,32.8233,2500,600
24.06.2024 06:20:02.115,32.840830000000004,32.82317,2700,600
24.06.2024 06:20:02.166,32.84085,32.822199999999995,3000,1200
24.06.2024 06:20:02.217,32.84081,32.82278,2400,600
24.06.2024 06:20:02.318,32.848020000000005,32.82398,1300,250
24.06.2024 06:20:02.470,32.847970000000004,32.82334,700,3100
24.06.2024 06:20:02.572,32.84201,32.82307,2700,1000
24.06.2024 06:20:02.924,32.843230000000005,32.823440000000005,2700,1200
24.06.2024 06:20:03.127,32.84123,32.82343,2700,700
24.06.2024 06:20:03.379,32.84103,32.823249999999994,3100,700
24.06.2024 06:20:03.480,32.841060000000006,32.823989999999995,3200,650
24.06.2024 06:20:03.781,32.83813,32.823989999999995,3200,850
24.06.2024 06:20:04.035,32.841,32.82402,2700,50
24.06.2024 06:20:04.296,32.840880000000006,32.82396,2500,750
24.06.2024 06:20:04.549,32.84092,32.8235,2900,800
24.06.2024 06:20:04.700,32.8409,32.82352,2700,1100
24.06.2024 06:20:04.751,32.840869999999995,32.82335,2900,1300
24.06.2024 06:20:04.802,32.84085000000001,32.82348,2500,1100
24.06.2024 06:20:05.205,32.84083,32.8235,3000,600
24.06.2024 06:20:05.357,32.84086,32.8239,3100,1100
24.06.2024 06:20:05.458,32.840900000000005,32.82386,2200,1300
24.06.2024 06:20:05.659,32.84091,32.82331,2700,1000
24.06.2024 06:20:05.710,32.83972000000001,32.82329,2900,1200
24.06.2024 06:20:06.213,32.83979,32.82334,2500,1000
24.06.2024 06:20:06.465,32.835010000000004,32.824110000000005,2500,650
24.06.2024 06:20:06.567,32.83498,32.8235,3200,150
24.06.2024 06:20:06.718,32.842060000000004,32.823550000000004,2500,-50
24.06.2024 06:20:07.020,32.83954,32.82349,2300,50
24.06.2024 06:20:07.272,32.83877,32.82352,3200,950
24.06.2024 06:20:07.525,32.839620000000004,32.823460000000004,2600,650
24.06.2024 06:20:07.727,32.83963,32.82323000000001,2600,1300
24.06.2024 06:20:07.779,32.83964,32.82321,2200,1100
24.06.2024 06:20:08.030,32.84019,32.82325000000001,3000,1300
24.06.2024 06:20:08.282,32.84013,32.82327,2500,1300
24.06.2024 06:20:08.534,32.83944,32.823240000000006,3100,500
24.06.2024 06:20:08.786,32.83984,32.82322,2500,900
24.06.2024 06:20:09.338,32.83973,32.82315,3100,700
24.06.2024 06:20:09.389,32.839760000000005,32.82321,2300,800
24.06.2024 06:20:09.491,32.839780000000005,32.82379,2300,1000
24.06.2024 06:20:09.592,32.84024,32.82397,2500,800
24.06.2024 06:20:09.845,32.840340000000005,32.82405,2300,500
24.06.2024 06:20:10.297,32.84264,32.82397,2500,800
24.06.2024 06:20:10.498,32.84093,32.824,2800,1300
24.06.2024 06:20:10.751,32.840070000000004,32.82396,2400,600
24.06.2024 06:20:10.802,32.84002,32.82376,2300,1300
24.06.2024 06:20:11.004,32.84085000000001,32.82371,2800,900
24.06.2024 06:20:11.256,32.83994,32.823730000000005,3000,400
24.06.2024 06:20:11.358,32.83993,32.824040000000004,2400,800
24.06.2024 06:20:11.510,32.83995000000001,32.82401,2300,700
24.06.2024 06:20:11.912,32.84214,32.824000000000005,2500,1000
24.06.2024 06:20:12.164,32.8397,32.82401,2700,600
24.06.2024 06:20:13.218,32.839380000000006,32.82406,2600,700
24.06.2024 06:20:13.420,32.83992,32.82408,2800,700
24.06.2024 06:20:14.023,32.84295,32.824040000000004,2200,1300
24.06.2024 06:20:14.275,32.842870000000005,32.82408,2500,1100
24.06.2024 06:20:14.527,32.83952,32.824040000000004,2400,1100
24.06.2024 06:20:15.230,32.84207,32.82406,2500,800
24.06.2024 06:20:15.481,32.83984,32.824070000000006,3100,800
24.06.2024 06:20:15.532,32.839890000000004,32.824040000000004,3000,1200
24.06.2024 06:20:15.734,32.841429999999995,32.82399,2300,700
24.06.2024 06:20:15.986,32.83932,32.82397,2600,800
24.06.2024 06:20:16.038,32.83925,32.82392,2900,500
24.06.2024 06:20:16.239,32.83935,32.82391,2800,1100
24.06.2024 06:20:16.491,32.839560000000006,32.82388,2500,1200
24.06.2024 06:20:16.742,32.84096,32.823930000000004,3100,1300
24.06.2024 06:20:17.194,32.84093000000001,32.823930000000004,3000,500
24.06.2024 06:20:17.447,32.84084,32.82392,2500,400
24.06.2024 06:20:17.698,32.83921,32.82389,2700,400
24.06.2024 06:20:17.950,32.84214,32.823930000000004,2600,1000
24.06.2024 06:20:18.202,32.84069,32.8239,3200,1200
24.06.2024 06:20:18.304,32.84076,32.824110000000005,2800,1300
24.06.2024 06:20:18.456,32.83885,32.824130000000004,2300,800
24.06.2024 06:20:19.209,32.841370000000005,32.824110000000005,2600,1100
24.06.2024 06:20:19.260,32.84132,32.824040000000004,2600,1200
24.06.2024 06:20:19.362,32.84138,32.82397,2300,1400
24.06.2024 06:20:19.463,32.83981,32.823930000000004,2800,700
24.06.2024 06:20:19.714,32.84123,32.823930000000004,2800,600
24.06.2024 06:20:20.418,32.841210000000004,32.82399,3100,1200
24.06.2024 06:20:20.519,32.841249999999995,32.824,2800,1100
24.06.2024 06:20:20.721,32.840469999999996,32.82406,2300,1200
24.06.2024 06:20:20.972,32.840320000000006,32.82403,2700,1100
24.06.2024 06:20:21.223,32.840230000000005,32.82406,2500,1200
24.06.2024 06:20:21.576,32.84266,32.82405,2600,800
24.06.2024 06:20:21.628,32.842690000000005,32.823800000000006,2900,700
24.06.2024 06:20:21.830,32.84059,32.823820000000005,2300,500
24.06.2024 06:20:22.082,32.84212000000001,32.82374,2400,600
24.06.2024 06:20:23.235,32.840559999999996,32.82376,2400,1000
24.06.2024 06:20:23.587,32.84205,32.82378,2400,700
24.06.2024 06:20:23.939,32.84319,32.82381,3100,1300
24.06.2024 06:20:24.090,32.84321,32.82424,2400,1400
24.06.2024 06:20:24.192,32.83899,32.82406,2300,600
24.06.2024 06:20:24.443,32.84201,32.82406,2400,1200
24.06.2024 06:20:24.796,32.8432,32.82405,2700,700
24.06.2024 06:20:25.047,32.84103,32.82402,2600,1000
24.06.2024 06:20:25.299,32.84140000000001,32.82401,3100,1200
24.06.2024 06:20:25.350,32.835240000000006,32.82405,1300,1100
24.06.2024 06:20:26.556,32.83525,32.82372,800,700
24.06.2024 06:20:26.657,32.83674,32.823679999999996,500,1000
24.06.2024 06:20:26.708,32.83669999999999,32.82338000000001,1200,700
24.06.2024 06:20:26.759,32.84122,32.823640000000005,2400,900
24.06.2024 06:20:26.961,32.84154,32.82358,900,1000
24.06.2024 06:20:27.463,32.84049,32.82365,2400,900
24.06.2024 06:20:28.216,32.84049,32.82389,2400,1200
24.06.2024 06:20:28.418,32.84047,32.82368,2200,1400
24.06.2024 06:20:28.519,32.840349999999994,32.823730000000005,2600,700
24.06.2024 06:20:28.770,32.84081,32.82372,2300,1100
24.06.2024 06:20:29.874,32.84155,32.82372,700,800
24.06.2024 06:20:30.726,32.84047,32.82374,3100,600
24.06.2024 06:20:30.927,32.84008000000001,32.82391,800,500
24.06.2024 06:20:30.978,32.84089,32.82377,2800,800
24.06.2024 06:20:31.029,32.840900000000005,32.82365,2900,500
24.06.2024 06:20:31.231,32.8396,32.823690000000006,2200,600
24.06.2024 06:20:31.432,32.84105,32.823710000000005,600,1200
24.06.2024 06:20:31.683,32.840129999999995,32.82368,2900,1300
24.06.2024 06:20:31.935,32.840849999999996,32.82372,2800,500
24.06.2024 06:20:32.187,32.840740000000004,32.82341,800,600
24.06.2024 06:20:32.239,32.84064,32.82377,1400,1200
24.06.2024 06:20:32.290,32.84073,32.82359,800,1200
24.06.2024 06:20:32.391,32.841570000000004,32.82356,900,500
24.06.2024 06:20:32.442,32.84028,32.82388,2900,1000
24.06.2024 06:20:32.693,32.84026,32.8238,2600,500
24.06.2024 06:20:33.246,32.83890000000001,32.82385,2400,500
24.06.2024 06:20:33.297,32.83892000000001,32.823750000000004,2300,700
24.06.2024 06:20:33.499,32.8404,32.82378,2500,1400
24.06.2024 06:20:33.650,32.84033,32.82365,3000,400
24.06.2024 06:20:33.751,32.83997,32.82368,2800,500
24.06.2024 06:20:33.903,32.84001000000001,32.82371,3000,1300
24.06.2024 06:20:34.004,32.839400000000005,32.82374,2300,1100
24.06.2024 06:20:34.205,32.83948,32.82377,3100,1400
24.06.2024 06:20:34.256,32.839549999999996,32.823780000000006,2400,800
24.06.2024 06:20:34.458,32.83945,32.823800000000006,3000,1200
24.06.2024 06:20:36.116,32.84066,32.82377,3100,800
24.06.2024 06:20:36.368,32.840410000000006,32.82372,2700,900
24.06.2024 06:20:36.902,32.84077,32.823820000000005,900,1000
24.06.2024 06:20:37.003,32.83966,32.82387,800,400
24.06.2024 06:20:37.159,32.83832,32.82387,2300,600
24.06.2024 06:20:37.412,32.83936,32.823859999999996,700,900
24.06.2024 06:20:38.015,32.83927,32.823809999999995,1400,1200
24.06.2024 06:20:38.116,32.8393,32.82394,1000,700
24.06.2024 06:20:38.167,32.83979,32.82399,2500,800
24.06.2024 06:20:38.218,32.83981,32.82401,2700,500
24.06.2024 06:20:38.269,32.83918,32.82401,2300,1300
24.06.2024 06:20:38.973,32.84016,32.823969999999996,2200,700
24.06.2024 06:20:39.174,32.84009999999999,32.82405000000001,2300,900
24.06.2024 06:20:39.426,32.84008,32.824040000000004,2800,1200
24.06.2024 06:20:40.330,32.8399,32.82406,1300,400
24.06.2024 06:20:40.431,32.83993,32.823980000000006,1200,600
24.06.2024 06:20:40.532,32.839749999999995,32.823930000000004,1300,1200
24.06.2024 06:20:40.684,32.83873,32.82387,3200,800
24.06.2024 06:20:40.785,32.83874,32.82398,3100,400
24.06.2024 06:20:40.937,32.83868,32.824040000000004,3200,800
24.06.2024 06:20:41.339,32.83838,32.824380000000005,3200,500
24.06.2024 06:20:41.440,32.838350000000005,32.82438,2800,600
24.06.2024 06:20:41.591,32.83878,32.82441,3100,1200
24.06.2024 06:20:41.743,32.83874,32.82426,2700,1000
24.06.2024 06:20:41.844,32.838260000000005,32.82419,3100,1300
24.06.2024 06:20:42.046,32.838330000000006,32.82441000000001,2400,900
24.06.2024 06:20:42.097,32.838730000000005,32.82441000000001,3100,700
24.06.2024 06:20:42.148,32.83874,32.82426,2900,600
24.06.2024 06:20:42.249,32.838710000000006,32.82425,2300,800
24.06.2024 06:20:42.351,32.83818,32.82426,3200,1000
24.06.2024 06:20:42.553,32.83826,32.824200000000005,2900,1300
24.06.2024 06:20:42.604,32.838660000000004,32.82325000000001,2400,1100
24.06.2024 06:20:42.806,32.83843,32.824099999999994,800,1200
24.06.2024 06:20:42.907,32.83822,32.82414,2400,1200
24.06.2024 06:20:43.009,32.83822,32.82409,2500,1200
24.06.2024 06:20:43.060,32.83899,32.82412,2900,1000
24.06.2024 06:20:43.211,32.839000000000006,32.82413,2700,600
24.06.2024 06:20:43.262,32.83901,32.82412,3100,1200
24.06.2024 06:20:43.364,32.83961,32.824079999999995,700,800
24.06.2024 06:20:43.465,32.83958,32.824070000000006,1100,900
24.06.2024 06:20:43.516,32.83981,32.82413,3100,1100
24.06.2024 06:20:43.567,32.83915,32.82411,3000,1200
24.06.2024 06:20:43.668,32.839059999999996,32.82416,2700,600
24.06.2024 06:20:43.769,32.839099999999995,32.82399,2400,600
24.06.2024 06:20:43.820,32.83812,32.82412,2600,1200
24.06.2024 06:20:44.122,32.83804,32.82408,2200,1400
24.06.2024 06:20:44.224,32.83804,32.82401,3100,1300
24.06.2024 06:20:44.275,32.83802,32.8242,2900,1000
24.06.2024 06:20:44.326,32.838480000000004,32.8242,2500,700
24.06.2024 06:20:44.427,32.8385,32.8241,2600,1100
24.06.2024 06:20:44.478,32.83851,32.824,2700,1400
24.06.2024 06:20:44.529,32.83843,32.824149999999996,2300,1400
24.06.2024 06:20:44.580,32.83967,32.82413,700,1300
24.06.2024 06:20:44.681,32.8396,32.824,1100,700
24.06.2024 06:20:44.782,32.83814,32.82406,900,700
24.06.2024 06:20:44.934,32.83632,32.82411,2600,800
24.06.2024 06:20:45.036,32.8363,32.824009999999994,2200,500
24.06.2024 06:20:45.086,32.837880000000006,32.82409,2500,1300
24.06.2024 06:20:45.138,32.837880000000006,32.824160000000006,2300,700
24.06.2024 06:20:45.239,32.837810000000005,32.824110000000005,2200,400
24.06.2024 06:20:45.341,32.83835,32.82412,2900,1300
24.06.2024 06:20:45.442,32.8383,32.824200000000005,2600,700
24.06.2024 06:20:45.594,32.838300000000004,32.82418,2200,600
24.06.2024 06:20:45.645,32.83834,32.82412000000001,2200,700
24.06.2024 06:20:45.848,32.83993,32.82412000000001,700,1200
24.06.2024 06:20:45.899,32.83931,32.82415000000001,1300,1300
24.06.2024 06:20:45.950,32.83928,32.823949999999996,600,400
24.06.2024 06:20:46.051,32.83931,32.82411,500,900
24.06.2024 06:20:46.102,32.8394,32.82421,2400,500
24.06.2024 06:20:46.153,32.83949,32.82414000000001,2500,1100
24.06.2024 06:20:46.204,32.83949,32.82419,2500,1300
24.06.2024 06:20:46.356,32.838280000000005,32.82413,2400,800
24.06.2024 06:20:46.607,32.838049999999996,32.824149999999996,2400,800
24.06.2024 06:20:46.708,32.83809,32.82398,2600,1200
24.06.2024 06:20:46.759,32.83809,32.824180000000005,2700,800
24.06.2024 06:20:46.861,32.83804,32.82419,2800,1100
24.06.2024 06:20:46.912,32.83802,32.82401,3000,700
24.06.2024 06:20:46.963,32.838100000000004,32.82438,2700,1000
24.06.2024 06:20:47.115,32.83814,32.824349999999995,2600,400
24.06.2024 06:20:47.317,32.83814,32.82401,2900,500
24.06.2024 06:20:47.368,32.83858,32.82396,2900,600
24.06.2024 06:20:47.619,32.837810000000005,32.824160000000006,2900,1400
24.06.2024 06:20:47.721,32.83782,32.82401,3000,1100
24.06.2024 06:20:47.772,32.83775,32.82388,3000,900
24.06.2024 06:20:47.823,32.83912,32.82391,500,1200
24.06.2024 06:20:47.874,32.839040000000004,32.824180000000005,500,1000
24.06.2024 06:20:47.925,32.83903,32.824130000000004,1000,800
24.06.2024 06:20:48.076,32.838570000000004,32.82414000000001,2500,1300
24.06.2024 06:20:48.227,32.83854,32.82407,3000,500
24.06.2024 06:20:48.328,32.83856,32.82414,2500,1200
24.06.2024 06:20:48.479,32.83863,32.82394,2800,800
24.06.2024 06:20:48.580,32.83894000000001,32.824,1300,1300
24.06.2024 06:20:48.682,32.83882,32.82403,1000,1100
24.06.2024 06:20:48.833,32.83805,32.824,2700,900
24.06.2024 06:20:49.035,32.83803,32.82365000000001,2400,600
24.06.2024 06:20:49.086,32.8382,32.82365000000001,2200,1300
24.06.2024 06:20:49.137,32.838210000000004,32.82389,2600,1300
24.06.2024 06:20:49.288,32.838210000000004,32.82406,2400,700
24.06.2024 06:20:49.339,32.83908,32.82356,700,900
24.06.2024 06:20:49.390,32.83903,32.82383,700,1100
24.06.2024 06:20:49.492,32.8386,32.82383,500,1000
24.06.2024 06:20:53.101,32.8391,32.82388,1300,1000
24.06.2024 06:20:53.503,32.837959999999995,32.82385000000001,2700,900
24.06.2024 06:20:53.955,32.83907,32.82383,800,700
24.06.2024 06:20:54.457,32.837959999999995,32.823820000000005,2700,1300
24.06.2024 06:20:57.113,32.83905,32.82379,500,800
24.06.2024 06:20:57.365,32.838409999999996,32.82381,2200,900
24.06.2024 06:20:57.517,32.83837,32.82424,2900,400
24.06.2024 06:20:57.618,32.839850000000006,32.824290000000005,2400,800
24.06.2024 06:20:57.870,32.83979,32.824220000000004,2500,700
24.06.2024 06:20:57.921,32.839870000000005,32.82415,2500,1000
24.06.2024 06:20:58.122,32.83995000000001,32.824130000000004,3000,1300
24.06.2024 06:20:58.924,32.83997,32.82409,2700,500
24.06.2024 06:20:58.976,32.84004,32.82418,3100,900
24.06.2024 06:20:59.178,32.83982,32.82423,2700,500
24.06.2024 06:21:00.080,32.83771,32.824220000000004,3100,500
24.06.2024 06:21:00.283,32.839830000000006,32.82423,2300,1000
24.06.2024 06:21:00.534,32.837849999999996,32.82415,2400,900
24.06.2024 06:21:01.236,32.837759999999996,32.82363,3100,1500
24.06.2024 06:21:01.438,32.83982,32.82367,2400,1600
24.06.2024 06:21:06.368,32.837849999999996,32.82367,2900,2000
24.06.2024 06:21:06.619,32.83984,32.82364,2200,1800
24.06.2024 06:21:10.181,32.83981,32.82424,2600,700
24.06.2024 06:21:11.586,32.83982,32.82368,2300,500
24.06.2024 06:21:15.396,32.839780000000005,32.82421,3100,1400
24.06.2024 06:21:15.747,32.83982,32.82364,2900,800
24.06.2024 06:21:24.680,32.83981,32.823710000000005,3000,1300
24.06.2024 06:21:34.452,32.84012,32.82365000000001,2900,1300
24.06.2024 06:21:34.953,32.84026,32.823640000000005,3000,1200
24.06.2024 06:21:39.220,32.84031,32.82368,3100,1100
24.06.2024 06:21:51.746,32.840250000000005,32.82367000000001,2500,1100
24.06.2024 06:21:57.511,32.84021,32.82381,2600,900
24.06.2024 06:21:57.913,32.8402,32.82381,2900,1100
24.06.2024 06:21:58.215,32.84018,32.82379,3200,800
24.06.2024 06:21:58.918,32.840160000000004,32.823780000000006,2700,800
24.06.2024 06:21:59.120,32.8402,32.82396,2300,400
24.06.2024 06:21:59.274,32.83837,32.82402,3000,1000
24.06.2024 06:21:59.426,32.83872,32.82402,2900,600
24.06.2024 06:21:59.528,32.83879,32.82399,2600,900
24.06.2024 06:21:59.680,32.83865,32.82369,2500,700
24.06.2024 06:21:59.933,32.83841,32.823750000000004,2300,700
24.06.2024 06:22:00.786,32.83836,32.8237,2600,600
24.06.2024 06:22:01.088,32.83926,32.82373,2800,700
24.06.2024 06:22:01.139,32.839220000000005,32.82397,3100,1000
24.06.2024 06:22:01.190,32.83921,32.82392,2700,500
24.06.2024 06:22:01.342,32.83967,32.82356,2900,700
24.06.2024 06:22:01.493,32.83966,32.823,2600,700
24.06.2024 06:22:01.544,32.83968,32.823710000000005,2200,600
24.06.2024 06:22:01.646,32.83941,32.82407,3100,800
24.06.2024 06:22:01.848,32.839980000000004,32.824079999999995,2400,500
24.06.2024 06:22:01.950,32.83999,32.824070000000006,2700,400
24.06.2024 06:22:02.001,32.840070000000004,32.824059999999996,3100,1300
24.06.2024 06:22:02.102,32.83954,32.82409,2300,800
24.06.2024 06:22:02.254,32.8395,32.82404999999999,3200,900
24.06.2024 06:22:02.356,32.83925000000001,32.82434000000001,2300,500
24.06.2024 06:22:02.609,32.83979,32.82435,2200,1300
24.06.2024 06:22:03.261,32.8398,32.824380000000005,2400,1400
24.06.2024 06:22:03.764,32.83971,32.82432,2300,1000
24.06.2024 06:22:04.015,32.83969,32.82437,2900,700
24.06.2024 06:22:04.669,32.839620000000004,32.824310000000004,2300,1100
24.06.2024 06:22:05.021,32.83965,32.82432,3100,1100
24.06.2024 06:22:05.272,32.839710000000004,32.824360000000006,2300,1000
24.06.2024 06:22:05.625,32.839670000000005,32.824290000000005,3000,1300
24.06.2024 06:22:06.228,32.83962,32.82434000000001,2900,1300
24.06.2024 06:22:06.680,32.839670000000005,32.82432,2600,1400
24.06.2024 06:22:07.433,32.83962,32.8243,2400,1000
24.06.2024 06:22:07.685,32.83968000000001,32.8243,2200,1400
24.06.2024 06:22:08.188,32.83975,32.824310000000004,2200,1000
24.06.2024 06:22:08.990,32.83702,32.82435,2900,1100
24.06.2024 06:22:09.241,32.83968,32.82387,2700,500
24.06.2024 06:22:09.845,32.8397,32.82340000000001,3100,800
24.06.2024 06:22:10.247,32.83971,32.82338000000001,2300,1300
24.06.2024 06:22:10.799,32.83951,32.82332,3100,1200
24.06.2024 06:22:11.001,32.83951,32.823440000000005,2600,800
24.06.2024 06:22:11.052,32.83972,32.823440000000005,2900,900
24.06.2024 06:22:11.204,32.83974,32.823350000000005,2300,600
24.06.2024 06:22:11.305,32.839380000000006,32.823420000000006,2700,500
24.06.2024 06:22:15.134,32.839400000000005,32.8234,2400,1000
24.06.2024 06:22:15.886,32.83934000000001,32.82337,3100,1400
24.06.2024 06:22:16.088,32.83930000000001,32.823350000000005,2700,500
24.06.2024 06:22:16.139,32.84003,32.823350000000005,2600,500
24.06.2024 06:22:16.290,32.84001,32.823420000000006,2400,600
24.06.2024 06:22:16.391,32.83972,32.82338,2700,600
24.06.2024 06:22:18.446,32.84001000000001,32.823460000000004,2900,1100
24.06.2024 06:22:18.650,32.839960000000005,32.82348,2300,700
24.06.2024 06:22:18.801,32.83992,32.82352000000001,2600,1100
24.06.2024 06:22:18.852,32.83987,32.82341,3000,1000
24.06.2024 06:22:18.953,32.83916,32.82347,2500,500
24.06.2024 06:22:19.054,32.8392,32.82298,2700,600
