Gmt time,Ask,Bid,AskVolume,BidVolume
24.06.2024 00:00:01.041,36.783300000000004,36.7613,1800,1650
24.06.2024 00:00:02.244,36.7787,36.7682,1300,1000
24.06.2024 00:00:02.545,36.7807,36.7682,1100,900
24.06.2024 00:00:02.846,36.78,36.768800000000006,1000,500
24.06.2024 00:00:09.364,36.780100000000004,36.7685,1300,1300
24.06.2024 00:00:13.030,36.779199999999996,36.7685,700,700
24.06.2024 00:00:13.084,36.7807,36.7689,1300,1000
24.06.2024 00:00:13.335,36.7797,36.768800000000006,1300,700
24.06.2024 00:00:16.794,36.7804,36.768100000000004,1400,1100
24.06.2024 00:00:23.162,36.781800000000004,36.7697,700,1400
24.06.2024 00:00:26.934,36.7809,36.7683,1600,500
24.06.2024 00:00:28.690,36.7817,36.7699,700,600
24.06.2024 00:00:47.944,36.7804,36.7683,1100,1400
24.06.2024 00:01:00.778,36.7815,36.7692,800,500
24.06.2024 00:01:16.048,36.7815,36.7692,1100,900
24.06.2024 00:01:48.595,36.781600000000005,36.769600000000004,1100,1200
24.06.2024 00:02:00.374,36.780100000000004,36.77,1600,1300
24.06.2024 00:02:06.938,36.7799,36.768800000000006,1200,600
24.06.2024 00:02:21.175,36.7793,36.768600000000006,1300,1400
24.06.2024 00:02:22.929,36.779199999999996,36.7668,800,1300
24.06.2024 00:02:22.981,36.777300000000004,36.7655,1500,1100
24.06.2024 00:02:23.183,36.7787,36.7667,1300,600
24.06.2024 00:02:31.403,36.7791,36.767399999999995,1600,1300
24.06.2024 00:02:38.921,36.7791,36.767399999999995,800,900
24.06.2024 00:02:40.624,36.7791,36.769000000000005,700,1100
24.06.2024 00:03:18.966,36.7819,36.771,900,600
24.06.2024 00:03:19.218,36.7826,36.771800000000006,700,1400
24.06.2024 00:03:33.506,36.7819,36.769600000000004,1000,1100
24.06.2024 00:03:34.308,36.7821,36.77160000000001,900,900
24.06.2024 00:03:34.660,36.7815,36.770199999999996,1100,400
24.06.2024 00:04:24.912,36.7805,36.769600000000004,1400,1400
24.06.2024 00:04:47.169,36.779199999999996,36.768600000000006,1700,1200
24.06.2024 00:05:52.389,36.7817,36.7697,500,500
24.06.2024 00:10:14.261,36.7813,36.7705,1100,1100
24.06.2024 00:19:49.431,36.7832,36.7701,1500,700
24.06.2024 00:19:50.709,36.782000000000004,36.7691,1300,600
24.06.2024 00:23:32.003,36.78060000000001,36.7697,1500,1100
24.06.2024 00:24:42.319,36.7811,36.7699,1300,1000
24.06.2024 00:28:39.720,36.780300000000004,36.769600000000004,500,800
24.06.2024 00:29:58.261,36.775600000000004,36.7649,1400,1100
24.06.2024 00:29:58.312,36.7809,36.7671,1600,600
24.06.2024 00:29:58.363,36.7774,36.7663,1500,800
24.06.2024 00:29:58.464,36.7798,36.768100000000004,800,500
24.06.2024 00:29:58.615,36.77460000000001,36.7648,1200,1000
24.06.2024 00:29:58.716,36.7735,36.7635,700,1100
24.06.2024 00:29:59.218,36.7759,36.7657,1100,600
24.06.2024 00:29:59.319,36.777100000000004,36.767199999999995,900,600
24.06.2024 00:29:59.420,36.7754,36.7653,900,1100
24.06.2024 00:29:59.521,36.777300000000004,36.7676,400,1100
24.06.2024 00:29:59.772,36.776199999999996,36.7662,900,1300
24.06.2024 00:30:09.199,36.7779,36.7673,1000,600
24.06.2024 00:31:16.987,36.778,36.768100000000004,700,1000
24.06.2024 00:32:59.940,36.781,36.7693,1300,1200
24.06.2024 00:33:19.436,36.783500000000004,36.7714,900,600
24.06.2024 00:33:19.537,36.7828,36.7719,700,1100
24.06.2024 00:33:25.926,36.7844,36.773399999999995,1000,600
24.06.2024 00:33:26.079,36.7858,36.77460000000001,1200,1500
24.06.2024 00:33:29.488,36.7839,36.7729,1100,1500
24.06.2024 00:33:38.309,36.7826,36.7712,500,700
24.06.2024 00:33:38.861,36.781600000000005,36.770199999999996,1100,500
24.06.2024 00:34:10.485,36.782399999999996,36.7708,1600,1400
24.06.2024 00:34:10.836,36.7802,36.769,1000,1300
24.06.2024 00:34:14.996,36.782,36.7712,900,1300
24.06.2024 00:34:22.867,36.7847,36.7723,1100,1500
24.06.2024 00:34:22.917,36.7855,36.773199999999996,1200,1000
24.06.2024 00:34:27.381,36.784600000000005,36.773399999999995,1000,600
24.06.2024 00:35:23.270,36.782399999999996,36.7717,800,700
24.06.2024 00:35:25.776,36.7814,36.77160000000001,900,1300
24.06.2024 00:35:41.461,36.7837,36.7725,900,1100
24.06.2024 00:35:59.428,36.7832,36.77160000000001,700,1000
24.06.2024 00:35:59.579,36.7814,36.7699,900,1700
24.06.2024 00:36:10.106,36.7827,36.771300000000004,1100,1000
24.06.2024 00:36:10.157,36.785,36.7737,400,700
24.06.2024 00:36:20.885,36.7842,36.772800000000004,1100,500
24.06.2024 00:36:30.759,36.7864,36.7715,800,800
24.06.2024 00:36:30.809,36.79,36.77760000000001,600,1000
24.06.2024 00:36:30.910,36.7905,36.778800000000004,800,1100
24.06.2024 00:36:50.912,36.7913,36.7791,1000,1000
24.06.2024 00:36:51.564,36.792100000000005,36.780800000000006,1400,1300
24.06.2024 00:37:10.259,36.793800000000005,36.7828,1000,700
24.06.2024 00:37:10.861,36.79280000000001,36.780300000000004,400,1000
24.06.2024 00:37:12.667,36.7931,36.7811,1000,800
24.06.2024 00:37:12.968,36.792300000000004,36.779399999999995,1000,600
24.06.2024 00:37:19.365,36.7931,36.7812,1300,700
24.06.2024 00:37:25.330,36.7924,36.7812,1200,900
24.06.2024 00:37:27.186,36.7978,36.789500000000004,2450,700
24.06.2024 00:37:27.237,36.800999999999995,36.7902,1300,1100
24.06.2024 00:37:27.438,36.8037,36.791199999999996,1300,900
24.06.2024 00:37:27.489,36.802,36.7901,600,900
24.06.2024 00:37:27.692,36.8008,36.7909,600,1100
24.06.2024 00:37:28.397,36.798100000000005,36.7881,1000,900
24.06.2024 00:37:47.849,36.7971,36.7875,600,1200
24.06.2024 00:37:53.264,36.798300000000005,36.788399999999996,1100,1000
24.06.2024 00:37:54.117,36.7963,36.7869,700,1500
24.06.2024 00:37:54.269,36.79600000000001,36.785199999999996,1000,900
24.06.2024 00:38:22.931,36.7962,36.7864,1300,1300
24.06.2024 00:38:26.194,36.7992,36.789300000000004,500,1000
24.06.2024 00:40:00.435,36.798,36.789,400,1020
24.06.2024 00:40:01.238,36.7977,36.7879,800,1120
24.06.2024 00:40:21.636,36.7967,36.786100000000005,1100,1120
24.06.2024 00:40:34.670,36.7967,36.786500000000004,1100,1000
24.06.2024 00:40:51.335,36.798,36.7871,1000,1500
24.06.2024 00:40:51.436,36.79860000000001,36.7881,500,1000
24.06.2024 00:40:52.889,36.7971,36.787800000000004,600,700
24.06.2024 00:40:56.649,36.7979,36.7874,700,1120
24.06.2024 00:41:19.452,36.7994,36.789300000000004,700,1100
24.06.2024 00:42:14.748,36.798100000000005,36.7887,900,1020.0001
24.06.2024 00:42:25.510,36.798500000000004,36.7887,600,1400
24.06.2024 00:42:35.388,36.798700000000004,36.789,1300,720
24.06.2024 00:42:42.306,36.79860000000001,36.788,1300,1300
24.06.2024 00:42:42.960,36.7984,36.7883,500,1220
24.06.2024 00:42:44.713,36.7989,36.788199999999996,500,700
24.06.2024 00:42:44.914,36.798700000000004,36.7883,600,1320
24.06.2024 00:43:13.649,36.7989,36.7883,600,1000
24.06.2024 00:43:18.110,36.798,36.7881,500,620
24.06.2024 00:43:22.523,36.798100000000005,36.789,700,900
24.06.2024 00:43:36.452,36.79880000000001,36.7886,500,1320
24.06.2024 00:44:00.867,36.7992,36.789100000000005,800,1000
24.06.2024 00:44:07.582,36.7969,36.78660000000001,1200,1420
24.06.2024 00:44:07.783,36.795100000000005,36.7856,700,1020
24.06.2024 00:44:08.085,36.79560000000001,36.7851,1000,1300
24.06.2024 00:44:14.905,36.796800000000005,36.7864,1100,1400
24.06.2024 00:44:32.347,36.795500000000004,36.785,500,1200
24.06.2024 00:44:34.755,36.796,36.786300000000004,1200,800
24.06.2024 00:44:44.860,36.7977,36.7873,500,1300
24.06.2024 00:44:53.186,36.7965,36.7864,500,1100
24.06.2024 00:44:54.740,36.79580000000001,36.7857,800,900
24.06.2024 00:44:56.701,36.7962,36.7869,1200,1700
24.06.2024 00:45:32.813,36.795300000000005,36.7859,900,700
24.06.2024 00:45:35.118,36.796800000000005,36.7864,1300,800
24.06.2024 00:45:36.171,36.7959,36.785399999999996,1300,1200
24.06.2024 00:45:43.792,36.7965,36.786100000000005,1100,1100
24.06.2024 00:46:37.458,36.798,36.7874,1400,1200
24.06.2024 00:46:47.527,36.798,36.7879,700,1300
24.06.2024 00:47:26.805,36.7965,36.7869,1100,500
24.06.2024 00:48:17.427,36.7977,36.7875,1300,1200
24.06.2024 00:48:31.914,36.7954,36.7857,400,800
24.06.2024 00:48:32.368,36.7943,36.7847,1300,1020
24.06.2024 00:48:32.419,36.7931,36.7837,1100,1300
24.06.2024 00:49:06.901,36.792,36.782199999999996,600,520
24.06.2024 00:49:18.709,36.7919,36.7812,700,1220
24.06.2024 00:49:18.960,36.79280000000001,36.7828,800,520
24.06.2024 00:49:19.061,36.791,36.782000000000004,500,620
24.06.2024 00:49:19.765,36.792,36.7827,1100,1520
24.06.2024 00:49:32.703,36.792500000000004,36.7829,400,1300
24.06.2024 00:50:48.453,36.7949,36.785000000000004,1100,500
24.06.2024 00:50:48.554,36.795500000000004,36.7853,500,800
24.06.2024 00:50:49.660,36.7945,36.7844,1300,1700
24.06.2024 00:50:49.761,36.793800000000005,36.783500000000004,1100,1700
24.06.2024 00:51:00.888,36.792,36.783,600,1420
24.06.2024 00:51:39.714,36.7937,36.78360000000001,1000,1300
24.06.2024 00:51:55.455,36.792100000000005,36.783,1100,920
24.06.2024 00:52:20.711,36.793000000000006,36.7823,800,500
24.06.2024 00:52:23.471,36.7901,36.7802,800,1100
24.06.2024 00:52:23.572,36.788399999999996,36.7784,400,1500
24.06.2024 00:53:17.619,36.7872,36.777100000000004,600,1020
24.06.2024 00:53:23.744,36.787600000000005,36.7775,700,700
24.06.2024 00:53:29.662,36.789300000000004,36.779199999999996,700,900
24.06.2024 00:53:56.069,36.791000000000004,36.780300000000004,1400,1300
24.06.2024 00:53:56.370,36.7897,36.7799,800,1700
24.06.2024 00:54:09.069,36.7903,36.780100000000004,1100,1100
24.06.2024 00:54:09.370,36.789100000000005,36.7797,600,1000
24.06.2024 00:54:19.696,36.7903,36.7804,500,1500
24.06.2024 00:54:38.246,36.7917,36.781600000000005,900,900
24.06.2024 00:54:50.388,36.791000000000004,36.7802,900,1600
24.06.2024 00:55:06.079,36.79280000000001,36.7814,1600,1100
24.06.2024 00:55:30.384,36.7918,36.7814,1200,1600
24.06.2024 00:55:59.063,36.7902,36.780300000000004,1000,700
24.06.2024 00:56:11.092,36.792300000000004,36.7819,1600,900
24.06.2024 00:56:16.053,36.7919,36.7817,1300,1700
24.06.2024 00:56:32.033,36.7903,36.7805,800,900
24.06.2024 00:56:33.089,36.79260000000001,36.7811,1100,1300
24.06.2024 00:56:40.812,36.7909,36.7804,1100,1300
24.06.2024 00:56:56.104,36.792300000000004,36.7811,1200,800
24.06.2024 00:56:57.056,36.7918,36.7812,600,1200
24.06.2024 00:57:02.070,36.7909,36.7805,1100,1700
24.06.2024 00:57:18.100,36.7924,36.7813,900,800
24.06.2024 00:57:26.844,36.7903,36.78060000000001,600,800
24.06.2024 00:57:34.015,36.8008,36.78380000000001,400,700
24.06.2024 00:57:34.115,36.803,36.7832,1000,1120
24.06.2024 00:57:34.618,36.8027,36.7869,1500,1120
24.06.2024 00:57:34.820,36.8024,36.7909,1600,1400
24.06.2024 00:57:35.422,36.8022,36.7915,1300,1300
24.06.2024 00:57:51.526,36.8,36.789300000000004,400,800
24.06.2024 00:57:51.627,36.801399999999994,36.7904,1700,800
24.06.2024 00:57:51.828,36.8009,36.7899,1200,900
24.06.2024 00:57:51.929,36.7975,36.7875,800,1400
24.06.2024 00:57:54.702,36.800000000000004,36.78980000000001,700,1700
24.06.2024 00:57:54.903,36.8,36.791000000000004,800,1300
24.06.2024 00:58:01.226,36.7991,36.789300000000004,600,1000
24.06.2024 00:58:18.066,36.8007,36.79,800,1200
24.06.2024 00:58:22.076,36.8002,36.7894,800,900
24.06.2024 00:58:24.344,36.798700000000004,36.7889,500,1200
24.06.2024 00:58:24.495,36.7976,36.7875,700,1520
24.06.2024 00:58:35.076,36.7997,36.789,700,900
24.06.2024 00:58:41.042,36.798500000000004,36.788399999999996,700,1600
24.06.2024 00:59:01.102,36.7994,36.789100000000005,400,900
24.06.2024 00:59:11.177,36.7984,36.7881,1300,1600
24.06.2024 00:59:21.251,36.799800000000005,36.78960000000001,700,1200
24.06.2024 00:59:27.192,36.8,36.7903,1400,500
24.06.2024 00:59:27.345,36.7993,36.789300000000004,400,600
24.06.2024 00:59:58.320,36.7984,36.7885,900,1300
24.06.2024 01:00:08.073,36.7992,36.789,1300,1400
24.06.2024 01:00:08.376,36.798300000000005,36.7886,600,1200
24.06.2024 01:00:08.677,36.8005,36.7902,1500,1300
24.06.2024 01:00:14.141,36.7995,36.789,1300,1200
24.06.2024 01:00:19.653,36.8003,36.7903,500,1000
24.06.2024 01:00:27.223,36.7999,36.78960000000001,600,1500
24.06.2024 01:00:34.115,36.8018,36.791199999999996,400,1200
24.06.2024 01:00:34.366,36.8006,36.7904,1000,1500
24.06.2024 01:00:48.806,36.8018,36.791199999999996,500,700
24.06.2024 01:00:49.057,36.8,36.7909,1200,900
24.06.2024 01:00:55.223,36.8016,36.7902,400,1200
24.06.2024 01:01:03.325,36.800399999999996,36.7907,1200,400
24.06.2024 01:01:19.718,36.801399999999994,36.791399999999996,1200,1300
24.06.2024 01:01:54.939,36.7989,36.7887,1200,800
24.06.2024 01:02:06.074,36.797000000000004,36.786300000000004,800,700
24.06.2024 01:02:06.325,36.795300000000005,36.7851,900,800
24.06.2024 01:02:18.260,36.7963,36.786300000000004,700,1200
24.06.2024 01:02:21.266,36.798500000000004,36.786,1500,600
24.06.2024 01:03:00.309,36.7962,36.7851,1300,1200
24.06.2024 01:03:23.937,36.7969,36.78360000000001,800,1100
24.06.2024 01:03:34.013,36.795300000000005,36.7839,1200,1000
24.06.2024 01:03:50.248,36.7963,36.7841,1400,500
24.06.2024 01:04:07.004,36.7971,36.7857,1000,800
24.06.2024 01:04:09.760,36.795100000000005,36.7832,800,1000
24.06.2024 01:04:09.961,36.7947,36.781600000000005,700,700
24.06.2024 01:04:15.525,36.793800000000005,36.7817,1600,400
24.06.2024 01:04:37.935,36.7941,36.7811,1500,900
24.06.2024 01:04:38.037,36.7933,36.7814,1100,1400
24.06.2024 01:04:40.096,36.7919,36.7819,1100,1100
24.06.2024 01:04:51.072,36.7933,36.7811,800,600
24.06.2024 01:04:51.123,36.794000000000004,36.7825,1400,600
24.06.2024 01:05:07.765,36.7954,36.7843,1200,600
24.06.2024 01:06:08.290,36.7962,36.784600000000005,1200,1000
24.06.2024 01:06:08.391,36.7961,36.7853,1300,1100
24.06.2024 01:06:41.262,36.795100000000005,36.7859,700,500
24.06.2024 01:06:59.604,36.7946,36.7843,1000,900
24.06.2024 01:07:38.658,36.79560000000001,36.7851,800,500
24.06.2024 01:07:59.023,36.796600000000005,36.78660000000001,700,1400
24.06.2024 01:08:07.039,36.795300000000005,36.7857,500,600
24.06.2024 01:09:31.130,36.795,36.784,1000,900
24.06.2024 01:09:32.183,36.795500000000004,36.7855,400,1000
24.06.2024 01:09:37.496,36.7967,36.78660000000001,1100,1000
24.06.2024 01:09:37.597,36.7971,36.787,1000,1000
24.06.2024 01:09:42.911,36.7973,36.786300000000004,800,600
24.06.2024 01:10:00.135,36.79860000000001,36.788399999999996,1100,900
24.06.2024 01:10:01.794,36.8009,36.7907,1100,1200
24.06.2024 01:10:35.040,36.8011,36.7902,1100,1700
24.06.2024 01:10:41.904,36.801399999999994,36.7919,800,900
24.06.2024 01:11:39.284,36.8003,36.7904,800,1300
24.06.2024 01:11:51.161,36.8015,36.7909,900,1400
24.06.2024 01:12:21.784,36.801199999999994,36.7917,1400,800
24.06.2024 01:12:37.251,36.8029,36.793000000000006,1500,500
24.06.2024 01:12:37.402,36.8037,36.793800000000005,1200,1400
24.06.2024 01:12:41.466,36.8023,36.792500000000004,700,900
24.06.2024 01:12:43.470,36.8035,36.7932,900,500
24.06.2024 01:12:44.822,36.8025,36.792500000000004,1600,1400
24.06.2024 01:12:47.129,36.8066,36.7973,3299.9999,600
24.06.2024 01:12:47.179,36.8076,36.797399999999996,1100,1200
24.06.2024 01:12:47.230,36.8096,36.799,1300,400
24.06.2024 01:12:53.649,36.810199999999995,36.8001,1500,1100
24.06.2024 01:13:03.573,36.8096,36.7997,1300,1400
24.06.2024 01:13:05.929,36.810399999999994,36.8001,900,1200
24.06.2024 01:13:10.543,36.8098,36.7995,1400,800
24.06.2024 01:13:12.499,36.8083,36.798700000000004,1000,1600
24.06.2024 01:13:12.700,36.8071,36.797,1400,1700
24.06.2024 01:13:14.155,36.8081,36.798100000000005,1600,800
24.06.2024 01:13:21.929,36.8093,36.800000000000004,1300,1500
24.06.2024 01:13:22.231,36.8083,36.7982,900,600
24.06.2024 01:13:23.636,36.8059,36.795700000000004,1400,700
24.06.2024 01:13:23.737,36.8031,36.7937,1200,900
24.06.2024 01:13:24.240,36.8013,36.791399999999996,500,900
24.06.2024 01:13:24.341,36.8027,36.79260000000001,900,500
24.06.2024 01:13:24.442,36.8013,36.7917,1300,700
24.06.2024 01:13:25.597,36.7999,36.7892,800,500
24.06.2024 01:13:53.165,36.8009,36.7905,1000,1000
24.06.2024 01:14:06.681,36.8037,36.7918,1500,1100
24.06.2024 01:14:38.845,36.801399999999994,36.7913,1300,1300
24.06.2024 01:14:39.447,36.8005,36.789500000000004,800,800
24.06.2024 01:14:40.600,36.7997,36.788,1200,400
24.06.2024 01:14:41.001,36.8005,36.789300000000004,800,1000
24.06.2024 01:14:41.353,36.7991,36.7886,1700,1300
24.06.2024 01:14:42.807,36.79860000000001,36.7883,600,400
24.06.2024 01:14:48.323,36.7997,36.7894,1000,900
24.06.2024 01:14:48.675,36.8008,36.790600000000005,900,1000
24.06.2024 01:15:30.228,36.8057,36.79560000000001,1200,1300
24.06.2024 01:15:30.329,36.807399999999994,36.7978,600,1000
24.06.2024 01:15:30.480,36.809000000000005,36.798300000000005,1500,1000
24.06.2024 01:15:33.492,36.8117,36.8017,1500,500
24.06.2024 01:15:33.593,36.8138,36.8031,600,700
24.06.2024 01:15:33.894,36.814,36.8032,1100,800
24.06.2024 01:15:34.497,36.8133,36.8033,600,700
24.06.2024 01:15:34.698,36.814,36.8047,800,600
24.06.2024 01:15:35.050,36.813399999999994,36.8036,1100,1000
24.06.2024 01:15:36.406,36.8127,36.8022,1400,700
24.06.2024 01:15:36.808,36.8152,36.805600000000005,900,500
24.06.2024 01:15:36.910,36.8188,36.8083,900,1000
24.06.2024 01:15:37.011,36.8197,36.8092,1100,600
24.06.2024 01:15:37.112,36.8217,36.8117,1000,1200
24.06.2024 01:15:38.117,36.8209,36.8105,1100,1000
24.06.2024 01:15:42.431,36.8204,36.8095,1400,1700
24.06.2024 01:15:48.902,36.8187,36.8089,900,800
24.06.2024 01:15:49.003,36.8171,36.8071,1000,1400
24.06.2024 01:15:49.104,36.8191,36.8092,1400,1400
24.06.2024 01:15:49.205,36.8182,36.8082,1500,1100
24.06.2024 01:15:51.062,36.817600000000006,36.8076,800,1600
24.06.2024 01:15:53.524,36.8154,36.8053,1200,700
24.06.2024 01:15:54.177,36.814800000000005,36.803999999999995,1400,1400
24.06.2024 01:15:54.279,36.8139,36.8037,1600,1000
24.06.2024 01:15:55.285,36.8142,36.8047,700,1000
24.06.2024 01:16:02.660,36.8131,36.803399999999996,1200,1100
24.06.2024 01:16:04.015,36.8149,36.804399999999994,1600,1700
24.06.2024 01:16:04.166,36.8166,36.806,1100,1000
24.06.2024 01:16:05.521,36.8179,36.8076,700,800
24.06.2024 01:16:19.073,36.8161,36.8064,1000,1400
24.06.2024 01:16:27.602,36.8128,36.8025,900,1400
24.06.2024 01:16:27.703,36.8108,36.7997,1100,1600
24.06.2024 01:16:27.955,36.8093,36.7997,1200,900
24.06.2024 01:16:30.061,36.8089,36.798500000000004,1600,1600
24.06.2024 01:16:35.677,36.8073,36.7977,900,1600
24.06.2024 01:16:35.929,36.8085,36.79860000000001,700,1200
24.06.2024 01:16:36.731,36.807199999999995,36.7977,700,1500
24.06.2024 01:16:38.536,36.809000000000005,36.79860000000001,1000,1500
24.06.2024 01:16:46.826,36.810199999999995,36.7991,800,1600
24.06.2024 01:17:09.760,36.8085,36.7989,700,800
24.06.2024 01:17:09.912,36.8077,36.7976,900,500
24.06.2024 01:18:10.971,36.8083,36.798,1100,1200
24.06.2024 01:18:12.326,36.807399999999994,36.797,600,500
24.06.2024 01:18:32.472,36.808800000000005,36.7978,800,1300
24.06.2024 01:18:45.769,36.806000000000004,36.795500000000004,400,1400
24.06.2024 01:18:47.073,36.8048,36.7946,1300,1200
24.06.2024 01:18:56.148,36.803399999999996,36.7934,700,900
24.06.2024 01:18:58.706,36.802,36.7913,1000,1200
24.06.2024 01:19:02.273,36.802600000000005,36.7927,700,800
24.06.2024 01:19:07.438,36.8032,36.793800000000005,1300,1200
24.06.2024 01:19:19.432,36.8025,36.793000000000006,800,500
24.06.2024 01:19:30.416,36.8029,36.7918,900,700
24.06.2024 01:19:34.173,36.8021,36.7927,700,1200
24.06.2024 01:19:37.630,36.8031,36.7931,500,400
24.06.2024 01:19:40.214,36.8013,36.7918,1200,1700
24.06.2024 01:20:10.741,36.8025,36.792500000000004,900,1100
24.06.2024 01:20:10.942,36.8043,36.793,400,1200
24.06.2024 01:20:16.556,36.8068,36.7961,800,700
24.06.2024 01:20:20.671,36.8054,36.7952,1100,700
24.06.2024 01:20:25.534,36.8098,36.7967,3699.9999,600
24.06.2024 01:20:48.818,36.8089,36.796600000000005,1700,1200
24.06.2024 01:22:01.943,36.811,36.799800000000005,1700,1300
24.06.2024 01:22:01.994,36.8124,36.799600000000005,4050.0002,1100
24.06.2024 01:22:10.839,36.8109,36.798300000000005,1500,700
24.06.2024 01:22:12.498,36.8114,36.7999,900,1300
24.06.2024 01:22:12.599,36.8054,36.795700000000004,1400,800
24.06.2024 01:22:13.503,36.803999999999995,36.7942,800,1200
24.06.2024 01:22:20.371,36.8063,36.7962,1200,1400
24.06.2024 01:23:40.125,36.8053,36.7959,1200,500
24.06.2024 01:23:40.877,36.804399999999994,36.794399999999996,1500,900
24.06.2024 01:24:08.502,36.8038,36.7933,1100,900
24.06.2024 01:25:10.631,36.8015,36.7915,800,1200
24.06.2024 01:25:10.733,36.801,36.7901,1200,500
24.06.2024 01:25:15.043,36.798300000000005,36.7887,1300,600
24.06.2024 01:25:15.244,36.7975,36.7875,700,800
24.06.2024 01:25:28.377,36.7965,36.78660000000001,800,800
24.06.2024 01:25:35.160,36.795700000000004,36.7857,900,700
24.06.2024 01:25:35.211,36.793800000000005,36.7811,1300,1200
24.06.2024 01:25:35.362,36.7929,36.7805,1000,1100
24.06.2024 01:25:36.266,36.7924,36.7819,1100,1200
24.06.2024 01:26:00.483,36.7924,36.7804,500,1100
24.06.2024 01:26:00.835,36.7935,36.782399999999996,1300,1300
24.06.2024 01:26:04.045,36.7948,36.783,1100,800
24.06.2024 01:26:04.096,36.7954,36.783300000000004,700,700
24.06.2024 01:26:04.147,36.7961,36.7851,900,1000
24.06.2024 01:26:05.250,36.7965,36.7869,1200,1400
24.06.2024 01:27:16.147,36.795500000000004,36.784800000000004,1300,1000
24.06.2024 01:27:25.291,36.793600000000005,36.7821,900,1200
24.06.2024 01:27:27.047,36.792,36.781000000000006,600,900
24.06.2024 01:27:27.148,36.791199999999996,36.7812,600,1000
24.06.2024 01:27:56.844,36.7919,36.7807,1100,1700
24.06.2024 01:27:59.356,36.7918,36.7814,800,800
24.06.2024 01:28:00.809,36.7916,36.7802,1100,1700
24.06.2024 01:28:01.463,36.791000000000004,36.7805,600,1100
24.06.2024 01:28:10.736,36.7889,36.7787,1100,1000
24.06.2024 01:28:11.239,36.78980000000001,36.779199999999996,900,1300
24.06.2024 01:29:02.742,36.7886,36.777100000000004,1000,900
24.06.2024 01:29:02.792,36.7879,36.7774,1100,700
24.06.2024 01:29:08.962,36.78960000000001,36.778,800,800
24.06.2024 01:29:20.394,36.7899,36.7798,700,1300
24.06.2024 01:29:21.196,36.7911,36.7813,1100,1000
24.06.2024 01:29:38.069,36.7905,36.780100000000004,1100,900
24.06.2024 01:29:41.829,36.7909,36.7787,800,1600
24.06.2024 01:29:54.468,36.7903,36.7807,600,900
24.06.2024 01:30:19.525,36.7899,36.7793,1400,1100
24.06.2024 01:30:29.202,36.7903,36.7804,500,1200
24.06.2024 01:30:29.604,36.791199999999996,36.7813,1200,800
24.06.2024 01:30:49.144,36.790600000000005,36.7774,500,1220
24.06.2024 01:31:34.671,36.791399999999996,36.7815,1000,1400
24.06.2024 01:31:42.364,36.790800000000004,36.7783,1200,1520.0001
24.06.2024 01:31:44.519,36.790800000000004,36.778600000000004,700,1620.0001
24.06.2024 01:31:53.389,36.7911,36.7807,1100,1000
24.06.2024 01:32:10.159,36.7909,36.7797,600,1220.0001
24.06.2024 01:32:15.673,36.7905,36.7798,600,900
24.06.2024 01:32:47.720,36.789500000000004,36.7769,800,1400
24.06.2024 01:32:47.821,36.7881,36.7769,1300,1200
24.06.2024 01:32:58.342,36.7869,36.775999999999996,900,1000
24.06.2024 01:33:04.106,36.7888,36.777800000000006,800,1300
24.06.2024 01:33:05.159,36.787,36.7772,600,800
24.06.2024 01:33:24.872,36.790600000000005,36.781000000000006,600,1600
24.06.2024 01:33:26.780,36.7892,36.777,1100,1320.0001
24.06.2024 01:33:29.937,36.7881,36.777800000000006,900,1020
24.06.2024 01:33:29.988,36.7885,36.777300000000004,1300,1200
24.06.2024 01:33:32.645,36.7874,36.7752,400,1420.0001
24.06.2024 01:33:32.695,36.786500000000004,36.774800000000006,1000,1720.0001
24.06.2024 01:33:34.901,36.7873,36.7774,900,1000
24.06.2024 01:33:35.903,36.785399999999996,36.776,1100,1200
24.06.2024 01:33:37.058,36.784000000000006,36.7738,1100,820
24.06.2024 01:33:37.260,36.7837,36.7724,1300,1020
24.06.2024 01:33:40.620,36.783300000000004,36.7733,600,1600
24.06.2024 01:33:40.721,36.7851,36.7757,1000,920
24.06.2024 01:33:41.223,36.7842,36.772800000000004,400,1720.0001
24.06.2024 01:33:45.311,36.785000000000004,36.7727,1100,1200
24.06.2024 01:33:46.515,36.7825,36.7715,400,1720.0001
24.06.2024 01:33:46.919,36.781800000000004,36.7703,900,1120.0001
24.06.2024 01:33:50.278,36.7811,36.7701,700,900
24.06.2024 01:33:54.241,36.780300000000004,36.7694,1200,1320.0001
24.06.2024 01:34:07.626,36.7815,36.7694,900,920.0001
24.06.2024 01:34:20.312,36.78,36.769,1300,1220
24.06.2024 01:34:21.065,36.78060000000001,36.769600000000004,600,1400
24.06.2024 01:34:24.471,36.7814,36.771100000000004,1300,1600
24.06.2024 01:34:55.845,36.7828,36.7723,1000,1200
24.06.2024 01:35:04.048,36.7837,36.774,1000,1300
24.06.2024 01:35:26.052,36.7829,36.7721,800,1220.0001
24.06.2024 01:35:29.512,36.784800000000004,36.7747,1300,1400
24.06.2024 01:35:32.539,36.7843,36.7742,1300,1120
24.06.2024 01:35:53.085,36.7845,36.7731,800,1400
24.06.2024 01:35:54.588,36.7832,36.7724,800,1420
24.06.2024 01:36:06.296,36.7814,36.7712,1300,1020
24.06.2024 01:36:06.397,36.7807,36.7687,1000,1120.0001
24.06.2024 01:36:19.475,36.7795,36.7687,700,1320
24.06.2024 01:36:21.431,36.78060000000001,36.768100000000004,1300,920
24.06.2024 01:36:42.654,36.7789,36.7663,500,1620.0001
24.06.2024 01:36:48.472,36.7804,36.768,1100,1100
24.06.2024 01:36:59.199,36.779399999999995,36.765100000000004,1000,920.0001
24.06.2024 01:37:02.107,36.7809,36.7679,800,1500
24.06.2024 01:37:05.097,36.7807,36.7685,800,1300
24.06.2024 01:37:25.663,36.7807,36.766999999999996,1400,800
24.06.2024 01:37:25.864,36.780800000000006,36.7689,1300,1400
24.06.2024 01:37:34.841,36.7804,36.7679,1300,1000
24.06.2024 01:37:34.942,36.779399999999995,36.765,1300,720
24.06.2024 01:37:34.992,36.7805,36.7675,700,1700
24.06.2024 01:37:35.344,36.78060000000001,36.768,800,1000
24.06.2024 01:37:39.655,36.7809,36.7678,600,1000
24.06.2024 01:37:41.161,36.7802,36.768800000000006,1300,800
24.06.2024 01:39:07.711,36.7784,36.7663,600,700
24.06.2024 01:39:11.775,36.7781,36.7662,500,820
24.06.2024 01:39:13.581,36.78060000000001,36.7677,1400,800
24.06.2024 01:39:25.515,36.7799,36.7659,1300,820
24.06.2024 01:39:26.117,36.7809,36.7677,600,900
24.06.2024 01:39:31.582,36.7798,36.765800000000006,900,820
24.06.2024 01:39:32.636,36.780100000000004,36.766999999999996,700,900
24.06.2024 01:39:35.693,36.7796,36.765800000000006,1200,720
24.06.2024 01:39:36.224,36.781000000000006,36.7673,1100,1000
24.06.2024 01:39:43.697,36.7798,36.7655,800,1420
24.06.2024 01:39:44.150,36.780800000000006,36.7677,500,1600
24.06.2024 01:39:51.172,36.7802,36.768800000000006,400,1200
24.06.2024 01:39:52.778,36.780100000000004,36.7677,900,1400
24.06.2024 01:39:54.781,36.78060000000001,36.768100000000004,1100,900
24.06.2024 01:39:58.090,36.7807,36.7677,1200,1300
24.06.2024 01:39:58.697,36.780100000000004,36.7685,600,1400
24.06.2024 01:39:58.848,36.780100000000004,36.7677,1400,1300
24.06.2024 01:39:59.249,36.7809,36.768800000000006,700,1000
24.06.2024 01:40:02.306,36.7804,36.7679,900,1200
24.06.2024 01:40:04.011,36.7795,36.765100000000004,700,1120
24.06.2024 01:40:04.212,36.78060000000001,36.768,900,1400
24.06.2024 01:40:12.280,36.779199999999996,36.7653,500,1220
24.06.2024 01:40:13.033,36.780100000000004,36.767199999999995,800,1500
24.06.2024 01:40:15.265,36.7798,36.7659,700,900
24.06.2024 01:40:15.818,36.778,36.765100000000004,500,1200
24.06.2024 01:40:16.771,36.779399999999995,36.7655,1000,1100
24.06.2024 01:40:19.577,36.7789,36.765,1100,1300
24.06.2024 01:40:20.082,36.7799,36.765,500,800
24.06.2024 01:40:20.533,36.778,36.7652,1300,1400
24.06.2024 01:40:24.844,36.7784,36.7659,1100,920
24.06.2024 01:40:40.831,36.7797,36.7652,1000,620
24.06.2024 01:40:41.283,36.779199999999996,36.7659,1200,620
24.06.2024 01:40:51.271,36.7789,36.7655,400,720
24.06.2024 01:40:51.472,36.7798,36.7654,1100,720
24.06.2024 01:40:51.773,36.7795,36.7653,1100,1120
24.06.2024 01:40:57.690,36.780100000000004,36.7675,400,900
24.06.2024 01:41:06.564,36.7797,36.7663,700,620
24.06.2024 01:41:06.816,36.780800000000006,36.767199999999995,900,1000
24.06.2024 01:41:08.471,36.7795,36.766000000000005,1300,1220
24.06.2024 01:41:09.124,36.7787,36.766000000000005,1100,1320
24.06.2024 01:41:10.227,36.779399999999995,36.766000000000005,600,1120
24.06.2024 01:41:10.278,36.7795,36.766000000000005,1000,1100
24.06.2024 01:41:11.130,36.7784,36.7652,1000,820
24.06.2024 01:41:19.707,36.779199999999996,36.7654,600,620
24.06.2024 01:41:19.810,36.7782,36.7659,600,1020
24.06.2024 01:41:21.063,36.7798,36.765100000000004,800,520
24.06.2024 01:41:22.220,36.780100000000004,36.766999999999996,1000,900
24.06.2024 01:41:22.521,36.778999999999996,36.766,1000,1420
24.06.2024 01:41:25.529,36.78060000000001,36.7671,1200,800
24.06.2024 01:41:32.050,36.7789,36.767,1400,1420
24.06.2024 01:42:33.193,36.7784,36.7662,600,900
24.06.2024 01:42:38.204,36.778600000000004,36.7665,1000,1020
24.06.2024 01:43:14.900,36.7785,36.7661,1200,720
24.06.2024 01:43:30.150,36.7784,36.766600000000004,500,1120
24.06.2024 01:43:39.973,36.7789,36.7667,1100,1420
24.06.2024 01:44:40.174,36.778800000000004,36.7663,900,1000
24.06.2024 01:44:53.611,36.7789,36.7671,900,800
24.06.2024 01:45:04.743,36.7783,36.766600000000004,1000,1420
24.06.2024 01:46:35.169,36.7763,36.763600000000004,1400,1520
24.06.2024 01:46:35.421,36.773199999999996,36.7623,1300,920
24.06.2024 01:46:37.427,36.7735,36.762600000000006,1300,1400
24.06.2024 01:46:38.231,36.7739,36.7625,900,1320
24.06.2024 01:46:38.984,36.7739,36.7623,500,1600
24.06.2024 01:46:41.141,36.7737,36.7613,800,720
24.06.2024 01:46:53.850,36.7747,36.7629,900,1200
24.06.2024 01:46:54.000,36.773399999999995,36.7616,500,920
24.06.2024 01:46:56.108,36.7745,36.7623,1100,1420
24.06.2024 01:47:02.379,36.7729,36.7609,1100,1520
24.06.2024 01:47:07.046,36.7725,36.7592,900,1120
24.06.2024 01:47:07.347,36.7703,36.7588,1200,820
24.06.2024 01:47:19.729,36.768,36.7564,1200,620
24.06.2024 01:47:19.780,36.7678,36.7549,1100,820
24.06.2024 01:47:19.880,36.7678,36.7534,1200,1100
24.06.2024 01:47:20.933,36.7659,36.754000000000005,600,1100
24.06.2024 01:47:22.688,36.7661,36.756,1400,800
24.06.2024 01:47:22.889,36.7671,36.7569,700,1300
24.06.2024 01:47:27.524,36.7687,36.7581,800,1200
24.06.2024 01:48:00.218,36.770199999999996,36.7601,1300,500
24.06.2024 01:48:04.127,36.7724,36.761199999999995,500,1600
24.06.2024 01:48:04.329,36.7706,36.7599,1300,800
24.06.2024 01:48:07.392,36.7715,36.7611,500,1400
24.06.2024 01:48:09.949,36.7721,36.7615,1000,1100
24.06.2024 01:48:10.050,36.7724,36.762600000000006,900,1000
24.06.2024 01:48:11.255,36.774300000000004,36.7638,1300,1200
24.06.2024 01:48:20.106,36.7722,36.7622,700,1100
24.06.2024 01:48:22.163,36.7723,36.7615,600,1200
24.06.2024 01:48:24.470,36.7695,36.7593,400,1200
24.06.2024 01:48:24.572,36.7684,36.7583,1000,1200
24.06.2024 01:48:33.902,36.7692,36.7599,1000,900
24.06.2024 01:48:36.366,36.7715,36.7617,700,700
24.06.2024 01:48:38.670,36.772800000000004,36.7611,1100,1600
24.06.2024 01:48:43.382,36.773199999999996,36.7631,700,1200
24.06.2024 01:48:52.405,36.7757,36.766000000000005,600,500
24.06.2024 01:48:54.184,36.7733,36.7637,1000,700
24.06.2024 01:48:54.335,36.7723,36.7622,900,1300
24.06.2024 01:49:00.706,36.7737,36.763600000000004,900,900
24.06.2024 01:49:03.164,36.772000000000006,36.7619,1300,1600
24.06.2024 01:49:28.783,36.7784,36.768100000000004,1420.0001,700
24.06.2024 01:49:28.834,36.7789,36.7687,1100,900
24.06.2024 01:49:28.885,36.7789,36.7675,1300,1300
24.06.2024 01:49:28.985,36.7784,36.7683,1400,1200
24.06.2024 01:49:30.691,36.7779,36.7675,500,600
24.06.2024 01:49:34.327,36.7755,36.7655,1100,1600
24.06.2024 01:49:54.882,36.7742,36.7641,1100,1500
24.06.2024 01:50:00.444,36.7753,36.7659,1200,500
24.06.2024 01:50:56.429,36.7731,36.7631,400,900
24.06.2024 01:51:19.865,36.7745,36.7643,1000,1000
24.06.2024 01:51:28.263,36.7735,36.763,1500,800
24.06.2024 01:51:34.882,36.7744,36.765,900,1000
24.06.2024 01:51:34.983,36.773199999999996,36.7632,1200,1500
24.06.2024 01:51:35.134,36.7742,36.763999999999996,1100,700
24.06.2024 01:51:35.285,36.7754,36.766000000000005,1500,1600
24.06.2024 01:51:37.742,36.772999999999996,36.7638,1400,1100
24.06.2024 01:51:37.843,36.773,36.762100000000004,700,900
24.06.2024 01:52:09.244,36.775000000000006,36.7649,1300,500
24.06.2024 01:52:20.473,36.773199999999996,36.763600000000004,900,1200
24.06.2024 01:52:51.234,36.7754,36.7657,1200,800
24.06.2024 01:53:17.906,36.774300000000004,36.7647,700,1500
24.06.2024 01:53:51.287,36.7733,36.7633,800,1200
24.06.2024 01:54:12.473,36.7699,36.7599,1000,1000
24.06.2024 01:54:12.524,36.7714,36.7605,1200,1600
24.06.2024 01:54:26.056,36.7695,36.7595,600,1500
24.06.2024 01:54:34.277,36.7715,36.7611,700,1200
24.06.2024 01:54:40.038,36.774,36.7631,900,1100
24.06.2024 01:56:13.612,36.7751,36.7653,900,1700
24.06.2024 01:56:13.966,36.776399999999995,36.7665,900,1300
24.06.2024 01:56:14.719,36.7752,36.7655,400,1400
24.06.2024 01:56:14.870,36.776399999999995,36.7667,1000,800
24.06.2024 01:56:20.532,36.7759,36.7653,1100,1600
24.06.2024 01:58:13.722,36.774300000000004,36.7649,1000,900
24.06.2024 01:58:19.138,36.7751,36.7659,500,500
24.06.2024 01:58:19.239,36.7767,36.7662,1200,1500
24.06.2024 01:58:19.490,36.777100000000004,36.767399999999995,1400,600
24.06.2024 01:58:30.368,36.7765,36.7663,500,700
24.06.2024 01:58:40.546,36.777800000000006,36.7677,900,1000
24.06.2024 01:58:51.273,36.7763,36.7662,700,800
24.06.2024 01:59:01.699,36.7736,36.7631,1400,1500
24.06.2024 01:59:11.771,36.774100000000004,36.7647,700,500
24.06.2024 01:59:13.075,36.776,36.7655,500,1000
24.06.2024 01:59:13.327,36.776399999999995,36.7667,1200,1100
24.06.2024 01:59:14.882,36.777100000000004,36.7678,1000,1000
24.06.2024 01:59:28.224,36.7761,36.7661,900,1500
24.06.2024 02:00:03.348,36.7752,36.765100000000004,1200,1000
24.06.2024 02:00:05.306,36.779,36.7689,700,500
24.06.2024 02:00:55.510,36.7799,36.7694,600,1300
24.06.2024 02:01:12.729,36.7802,36.770399999999995,1200,1200
24.06.2024 02:01:17.644,36.7793,36.769800000000004,700,1700
24.06.2024 02:01:36.637,36.780300000000004,36.7703,800,1100
24.06.2024 02:02:03.284,36.7797,36.7694,900,800
24.06.2024 02:02:09.950,36.7813,36.771100000000004,1300,800
24.06.2024 02:02:10.553,36.7825,36.7721,700,1000
24.06.2024 02:02:17.470,36.783500000000004,36.7737,1500,1400
24.06.2024 02:02:23.483,36.7857,36.775600000000004,1700,1100
24.06.2024 02:02:23.584,36.7883,36.7783,1600,800
24.06.2024 02:02:34.463,36.787800000000004,36.777800000000006,800,1600
24.06.2024 02:02:42.332,36.7851,36.7755,1000,1120.0001
24.06.2024 02:02:42.433,36.7842,36.77460000000001,900,1200
24.06.2024 02:02:59.950,36.7869,36.776199999999996,700,800
24.06.2024 02:03:24.457,36.7849,36.7744,1400,1100
24.06.2024 02:03:47.985,36.783,36.772600000000004,800,700
24.06.2024 02:03:48.036,36.7819,36.7712,800,1400
24.06.2024 02:03:48.086,36.780800000000006,36.7695,1400,1400
24.06.2024 02:03:48.237,36.778999999999996,36.768600000000006,1400,1200
24.06.2024 02:03:51.546,36.781000000000006,36.77,1000,800
24.06.2024 02:04:00.015,36.7781,36.768,1500,1400
24.06.2024 02:04:07.540,36.778,36.7677,1000,1000
24.06.2024 02:04:10.004,36.7784,36.7689,1700,1500
24.06.2024 02:04:19.979,36.7781,36.7673,900,1000
24.06.2024 02:04:20.982,36.778800000000004,36.7685,1200,1200
24.06.2024 02:04:23.990,36.7789,36.766999999999996,1300,900
24.06.2024 02:04:27.999,36.7789,36.768800000000006,700,700
24.06.2024 02:04:32.461,36.7813,36.7706,1300,1000
24.06.2024 02:04:32.561,36.7826,36.7715,1000,1100
24.06.2024 02:04:35.026,36.7815,36.7707,1300,1300
24.06.2024 02:04:52.079,36.7828,36.7717,1000,900
24.06.2024 02:04:53.083,36.7828,36.7721,700,1200
24.06.2024 02:04:54.989,36.7823,36.7715,600,1400
24.06.2024 02:05:05.011,36.781600000000005,36.7708,700,700
24.06.2024 02:05:06.919,36.7832,36.7725,700,1200
24.06.2024 02:05:31.260,36.78360000000001,36.77160000000001,1200,1100
24.06.2024 02:05:47.902,36.785199999999996,36.7731,500,1500
24.06.2024 02:05:50.615,36.78680000000001,36.776199999999996,1200,1100
24.06.2024 02:06:00.890,36.7872,36.7775,1100,1600
24.06.2024 02:06:13.774,36.7851,36.7751,1100,1200
24.06.2024 02:06:50.371,36.7867,36.776399999999995,1600,1000
24.06.2024 02:06:53.427,36.7873,36.777800000000006,1100,700
24.06.2024 02:07:04.559,36.788,36.778600000000004,1300,1200
24.06.2024 02:07:15.638,36.7885,36.778800000000004,1520.0001,1300
24.06.2024 02:07:15.692,36.7881,36.7787,1400,1700
24.06.2024 02:07:17.748,36.7871,36.7761,1200,820
24.06.2024 02:07:17.798,36.787000000000006,36.7769,1400,1600
24.06.2024 02:07:23.913,36.7859,36.775600000000004,1400,1500
24.06.2024 02:07:38.181,36.787,36.7777,1200,1200
24.06.2024 02:07:45.605,36.7886,36.7774,1600,1000
24.06.2024 02:08:00.398,36.7886,36.7787,900,500
24.06.2024 02:08:03.806,36.790800000000004,36.7804,1500,1200
24.06.2024 02:08:03.907,36.791,36.7811,1200,1000
24.06.2024 02:08:40.200,36.7934,36.7837,1000,900
24.06.2024 02:08:50.124,36.7913,36.7815,1600,1600
24.06.2024 02:08:50.677,36.791000000000004,36.780100000000004,1600,800
24.06.2024 02:09:34.733,36.789500000000004,36.7795,1000,1100
24.06.2024 02:10:12.976,36.7902,36.7807,700,1500
24.06.2024 02:10:43.835,36.789300000000004,36.7798,1000,1700
24.06.2024 02:11:52.103,36.788199999999996,36.7785,700,900
24.06.2024 02:11:53.759,36.7897,36.7796,1100,1100
24.06.2024 02:13:02.905,36.790800000000004,36.7804,1700,1300
24.06.2024 02:13:08.467,36.7911,36.7819,500,1000
24.06.2024 02:13:38.473,36.7902,36.7805,800,1200
24.06.2024 02:14:01.727,36.789300000000004,36.7798,1100,800
24.06.2024 02:14:19.990,36.7888,36.7782,1300,1500
24.06.2024 02:14:40.840,36.7899,36.78,600,800
24.06.2024 02:15:01.957,36.788,36.7783,1200,1500
24.06.2024 02:15:04.764,36.789500000000004,36.7793,1300,1600
24.06.2024 02:15:17.998,36.7877,36.7779,1400,1700
24.06.2024 02:15:29.681,36.789100000000005,36.779199999999996,1600,700
24.06.2024 02:15:48.192,36.7905,36.7809,900,1100
24.06.2024 02:16:27.730,36.788,36.7789,1100,900
24.06.2024 02:16:27.831,36.787600000000005,36.7777,900,1100
24.06.2024 02:16:38.157,36.7886,36.7787,700,700
24.06.2024 02:16:43.070,36.7864,36.7768,700,1200
24.06.2024 02:16:43.171,36.782399999999996,36.7723,1400,1700
24.06.2024 02:16:49.340,36.781,36.771300000000004,900,1700
24.06.2024 02:16:50.994,36.780300000000004,36.7707,900,1300
24.06.2024 02:16:51.095,36.779399999999995,36.769,1600,900
24.06.2024 02:16:51.497,36.7785,36.7683,800,1500
24.06.2024 02:17:09.252,36.7793,36.7697,1700,700
24.06.2024 02:17:19.227,36.7812,36.7717,1300,1300
24.06.2024 02:17:31.057,36.7826,36.773,1600,1200
24.06.2024 02:18:05.508,36.78360000000001,36.7737,1400,700
24.06.2024 02:18:14.986,36.7849,36.7749,1600,1300
24.06.2024 02:18:42.177,36.7853,36.7753,1000,1600
24.06.2024 02:18:46.287,36.783100000000005,36.7737,800,1200
24.06.2024 02:18:46.389,36.7827,36.7723,1200,1000
24.06.2024 02:18:47.141,36.7847,36.774,1400,1100
24.06.2024 02:19:14.140,36.78360000000001,36.7733,1500,1100
24.06.2024 02:19:14.292,36.7844,36.7749,1600,700
24.06.2024 02:21:30.567,36.783300000000004,36.773199999999996,1500,1200
24.06.2024 02:21:41.497,36.7828,36.7722,1300,1100
24.06.2024 02:22:08.200,36.7837,36.773199999999996,1700,1300
24.06.2024 02:22:57.613,36.7847,36.774300000000004,700,1600
24.06.2024 02:22:58.116,36.7832,36.7733,1300,1600
24.06.2024 02:23:10.052,36.782199999999996,36.7706,700,1100
24.06.2024 02:23:54.788,36.7823,36.7719,1400,800
24.06.2024 02:23:57.143,36.780800000000006,36.768800000000006,700,1300
24.06.2024 02:23:57.244,36.778600000000004,36.768,400,1200
24.06.2024 02:24:00.001,36.778,36.7664,600,920.0001
24.06.2024 02:24:02.158,36.7798,36.767,700,3770.0001
24.06.2024 02:24:07.871,36.780300000000004,36.768600000000006,700,900
24.06.2024 02:24:19.881,36.7787,36.7669,1300,800
24.06.2024 02:24:20.133,36.7777,36.7655,800,1700
24.06.2024 02:24:22.891,36.775800000000004,36.7634,900,1600
24.06.2024 02:24:22.992,36.774,36.7637,700,900
24.06.2024 02:24:26.850,36.7769,36.764399999999995,1200,1400
24.06.2024 02:24:27.001,36.7767,36.7659,1300,800
24.06.2024 02:24:28.855,36.7745,36.7634,1000,1300
24.06.2024 02:24:28.957,36.775000000000006,36.7611,900,1400
24.06.2024 02:24:29.208,36.7738,36.7618,1500,1400
24.06.2024 02:24:30.462,36.773399999999995,36.763000000000005,1300,1100
24.06.2024 02:24:31.014,36.7735,36.761399999999995,1700,1000
24.06.2024 02:24:43.449,36.772999999999996,36.762800000000006,600,1700
24.06.2024 02:24:44.000,36.7739,36.7619,1100,1300
24.06.2024 02:24:46.256,36.773399999999995,36.7603,1300,1300
24.06.2024 02:24:59.014,36.7731,36.7613,1100,1300
24.06.2024 02:25:10.402,36.773399999999995,36.7608,400,1500
24.06.2024 02:25:13.308,36.7736,36.760999999999996,500,1500
24.06.2024 02:25:23.231,36.773199999999996,36.7613,1500,1220.0001
24.06.2024 02:25:27.191,36.7737,36.761199999999995,1600,1000
24.06.2024 02:25:38.782,36.773399999999995,36.761199999999995,1100,1220.0001
24.06.2024 02:25:39.033,36.7735,36.761399999999995,1100,700
24.06.2024 02:25:55.283,36.774,36.7615,1400,1520.0001
24.06.2024 02:25:57.544,36.7731,36.7617,1600,700
24.06.2024 02:26:06.121,36.7739,36.7618,900,1120.0001
24.06.2024 02:26:11.988,36.773199999999996,36.761399999999995,1200,1100
24.06.2024 02:27:13.794,36.7701,36.759100000000004,1400,1000
24.06.2024 02:27:14.195,36.772800000000004,36.7613,1400,1100
24.06.2024 02:28:03.769,36.7739,36.7637,400,1000
24.06.2024 02:29:27.373,36.7749,36.764199999999995,1300,1500
24.06.2024 02:29:35.093,36.776199999999996,36.7663,1000,800
24.06.2024 02:29:52.154,36.778999999999996,36.7691,800,1400
24.06.2024 02:29:52.255,36.7812,36.771800000000006,500,1600
24.06.2024 02:29:54.113,36.782199999999996,36.772600000000004,1300,1600
24.06.2024 02:29:55.015,36.78,36.770199999999996,1200,1000
24.06.2024 02:29:55.066,36.7802,36.7699,700,1600
24.06.2024 02:30:14.710,36.7785,36.7684,1200,1000
24.06.2024 02:30:23.478,36.77760000000001,36.7679,800,1200
24.06.2024 02:30:23.579,36.775999999999996,36.7669,400,1000
24.06.2024 02:30:28.725,36.77760000000001,36.7675,700,800
24.06.2024 02:30:33.291,36.7782,36.7685,1600,1600
24.06.2024 02:30:33.492,36.777100000000004,36.7678,700,1000
24.06.2024 02:30:35.703,36.7799,36.7697,900,1300
24.06.2024 02:30:48.236,36.78360000000001,36.7722,1700,800
24.06.2024 02:30:48.337,36.78360000000001,36.773399999999995,800,1200
24.06.2024 02:30:57.067,36.784000000000006,36.7705,900,2169.9999
24.06.2024 02:31:07.575,36.785399999999996,36.7735,500,1200
24.06.2024 02:31:07.626,36.7857,36.7742,1200,1000
24.06.2024 02:31:10.135,36.7862,36.7745,900,1500
24.06.2024 02:31:10.185,36.7855,36.773199999999996,1000,900
24.06.2024 02:31:20.418,36.7823,36.7712,1400,1420.0001
24.06.2024 02:31:20.520,36.7826,36.7719,500,1600
24.06.2024 02:31:22.424,36.782399999999996,36.7715,1000,1720.0001
24.06.2024 02:31:32.952,36.784600000000005,36.7722,800,1300
24.06.2024 02:31:41.770,36.7847,36.773199999999996,1100,1500
24.06.2024 02:31:44.374,36.783100000000005,36.7724,900,1300
24.06.2024 02:31:49.541,36.7851,36.77460000000001,400,1000
24.06.2024 02:31:49.692,36.786500000000004,36.775800000000004,1200,1300
24.06.2024 02:32:40.953,36.785199999999996,36.774100000000004,1100,700
24.06.2024 02:32:48.172,36.786100000000005,36.7751,1200,1100
24.06.2024 02:33:07.272,36.7845,36.772800000000004,500,800
24.06.2024 02:33:07.824,36.7827,36.7715,900,1300
24.06.2024 02:33:23.828,36.7814,36.7707,800,1000
24.06.2024 02:33:39.771,36.782399999999996,36.7712,800,1400
24.06.2024 02:33:56.861,36.780100000000004,36.7694,1300,700
24.06.2024 02:34:02.223,36.7823,36.771800000000006,1000,1400
24.06.2024 02:34:28.001,36.784,36.7737,900,1200
24.06.2024 02:34:28.102,36.785199999999996,36.774800000000006,1200,1300
24.06.2024 02:34:53.265,36.786300000000004,36.775600000000004,900,1400
24.06.2024 02:35:15.850,36.7859,36.7755,1300,800
24.06.2024 02:35:41.263,36.7867,36.775600000000004,900,1400
24.06.2024 02:36:30.382,36.7856,36.7754,1200,1000
24.06.2024 02:36:40.411,36.786300000000004,36.7757,700,1500
24.06.2024 02:36:42.265,36.7855,36.7744,1300,1700
24.06.2024 02:36:53.618,36.78680000000001,36.7747,1300,1000
24.06.2024 02:36:56.673,36.7853,36.77460000000001,800,1400
24.06.2024 02:37:07.703,36.786300000000004,36.7752,1300,1500
24.06.2024 02:37:50.664,36.7858,36.7745,700,1300
24.06.2024 02:38:25.381,36.7845,36.7737,1200,1700
24.06.2024 02:38:27.688,36.785399999999996,36.774300000000004,1200,1700
24.06.2024 02:38:27.789,36.788399999999996,36.7779,1600,1400
24.06.2024 02:38:27.990,36.789,36.7784,800,800
24.06.2024 02:38:28.891,36.788,36.7772,800,1100
24.06.2024 02:38:37.014,36.7874,36.7765,1200,1270
24.06.2024 02:38:37.115,36.7856,36.7739,1300,1500
24.06.2024 02:38:37.266,36.783500000000004,36.7724,500,1700
24.06.2024 02:38:54.812,36.782199999999996,36.771100000000004,1200,800
24.06.2024 02:39:02.081,36.7832,36.7717,1400,920.0001
24.06.2024 02:39:02.132,36.782399999999996,36.7715,1300,1320.0001
24.06.2024 02:39:02.283,36.7826,36.771,800,1200
24.06.2024 02:39:05.642,36.783,36.771300000000004,800,1420.0001
24.06.2024 02:39:09.203,36.7829,36.7715,1100,1400
24.06.2024 02:39:11.408,36.7812,36.770199999999996,1400,900
24.06.2024 02:39:11.509,36.78060000000001,36.771,500,1300
24.06.2024 02:39:40.368,36.7817,36.7701,800,900
24.06.2024 02:39:42.774,36.781800000000004,36.769999999999996,1100,1120.0001
24.06.2024 02:40:01.400,36.7837,36.7725,900,1300
24.06.2024 02:40:05.163,36.782,36.771,1200,1820.0001
24.06.2024 02:40:08.473,36.7826,36.771100000000004,1100,800
24.06.2024 02:40:09.428,36.7829,36.771300000000004,1200,1620.0001
24.06.2024 02:40:20.152,36.7821,36.7712,1300,700
24.06.2024 02:40:20.255,36.7829,36.771300000000004,400,1820.0001
24.06.2024 02:40:27.068,36.7839,36.772800000000004,1400,1100
24.06.2024 02:42:36.353,36.7826,36.771800000000006,1000,1300
24.06.2024 02:42:39.863,36.7828,36.771800000000006,600,1720.0001
24.06.2024 02:43:39.943,36.782199999999996,36.772000000000006,400,1400
24.06.2024 02:43:45.167,36.7879,36.776399999999995,1200,3750.0002
24.06.2024 02:43:45.268,36.7905,36.7798,1100,1400
24.06.2024 02:43:47.325,36.7889,36.777800000000006,900,1500
24.06.2024 02:46:03.732,36.789,36.776199999999996,1100,1820.0001
24.06.2024 02:46:03.833,36.7851,36.7747,700,1420.0001
24.06.2024 02:46:05.136,36.7851,36.7749,1000,1200
24.06.2024 02:46:11.452,36.784,36.772800000000004,1300,900
24.06.2024 02:46:11.516,36.7832,36.771100000000004,1200,1620.0001
24.06.2024 02:46:21.302,36.7837,36.7727,1200,800
24.06.2024 02:46:22.306,36.784800000000004,36.773199999999996,600,1000
24.06.2024 02:46:23.962,36.7821,36.771300000000004,1200,1420.0001
24.06.2024 02:46:24.012,36.7815,36.7701,700,1000
24.06.2024 02:46:24.364,36.7812,36.7694,1200,1100
24.06.2024 02:46:26.519,36.7855,36.7749,1400,1200
24.06.2024 02:46:26.569,36.7849,36.772800000000004,1100,1300
24.06.2024 02:46:26.620,36.7843,36.7738,700,1500
24.06.2024 02:46:31.834,36.7841,36.771800000000006,1300,1500
24.06.2024 02:46:34.341,36.7842,36.774,1200,1500
24.06.2024 02:46:35.293,36.7821,36.77160000000001,500,700
24.06.2024 02:46:35.344,36.781600000000005,36.7691,800,900
24.06.2024 02:46:43.515,36.7823,36.771300000000004,1300,800
24.06.2024 02:46:46.173,36.7867,36.7753,800,700
24.06.2024 02:46:46.274,36.787600000000005,36.7769,1300,1600
24.06.2024 02:46:46.576,36.786,36.7752,800,1300
24.06.2024 02:46:47.279,36.7883,36.775600000000004,1300,1400
24.06.2024 02:46:49.385,36.786,36.7755,1300,800
24.06.2024 02:46:51.292,36.7847,36.7736,900,1300
24.06.2024 02:46:51.343,36.7856,36.773399999999995,1300,700
24.06.2024 02:46:52.547,36.7888,36.7761,1600,1500
24.06.2024 02:46:52.649,36.7881,36.77760000000001,800,800
24.06.2024 02:47:01.928,36.7851,36.7744,1200,4000
24.06.2024 02:47:14.510,36.7849,36.7738,800,1000
24.06.2024 02:47:14.711,36.785399999999996,36.7749,600,1000
24.06.2024 02:47:22.285,36.786100000000005,36.7755,900,1400
24.06.2024 02:47:22.887,36.7858,36.7731,1300,1000
24.06.2024 02:48:03.591,36.788000000000004,36.7753,500,3620
24.06.2024 02:48:03.641,36.7879,36.7763,900,2950.0001
24.06.2024 02:48:03.692,36.787600000000005,36.7753,800,1400
24.06.2024 02:48:03.742,36.78660000000001,36.7754,700,1400
24.06.2024 02:48:03.843,36.785399999999996,36.7737,1100,1600
24.06.2024 02:48:05.096,36.786,36.773399999999995,500,1600
24.06.2024 02:48:06.099,36.7843,36.7725,1000,1400
24.06.2024 02:48:06.250,36.7839,36.771100000000004,1300,4970.0002
24.06.2024 02:48:09.861,36.781600000000005,36.7699,1200,1400
24.06.2024 02:48:10.012,36.78060000000001,36.768800000000006,400,1400
24.06.2024 02:48:10.465,36.778800000000004,36.7662,800,1620.0001
24.06.2024 02:48:18.438,36.780100000000004,36.7683,900,1100
24.06.2024 02:48:18.589,36.7811,36.768800000000006,500,1900
24.06.2024 02:48:24.305,36.7805,36.768,500,1800
24.06.2024 02:48:31.977,36.7805,36.7689,700,1800
24.06.2024 02:48:32.028,36.7839,36.7717,600,1720.0001
24.06.2024 02:48:32.179,36.78060000000001,36.7695,1100,1400
24.06.2024 02:48:35.044,36.7807,36.7684,700,900
24.06.2024 02:49:06.982,36.778,36.7675,800,1500
24.06.2024 02:49:07.485,36.7784,36.7661,600,1020.0001
24.06.2024 02:50:09.262,36.7799,36.7677,600,900
24.06.2024 02:50:09.763,36.781000000000006,36.768100000000004,1000,1100
24.06.2024 02:50:25.527,36.7802,36.766999999999996,1100,3999.9999
24.06.2024 02:50:47.434,36.777300000000004,36.765100000000004,1100,920.0001
24.06.2024 02:50:48.086,36.7774,36.7659,500,1600
24.06.2024 02:50:48.137,36.7775,36.7655,1000,1120.0001
24.06.2024 02:50:48.638,36.7777,36.7654,800,1700
24.06.2024 02:50:48.839,36.777300000000004,36.7653,700,920.0001
24.06.2024 02:50:49.240,36.777300000000004,36.7657,1300,800
24.06.2024 02:50:50.292,36.779,36.7685,800,1700
24.06.2024 02:51:48.614,36.7772,36.7668,1000,1000
24.06.2024 02:51:53.876,36.7753,36.7655,1000,1200
24.06.2024 02:51:55.682,36.774100000000004,36.764399999999995,900,1000
24.06.2024 02:51:58.438,36.7752,36.7652,1200,1000
24.06.2024 02:51:59.693,36.776399999999995,36.766,800,800
24.06.2024 02:52:03.761,36.774100000000004,36.764199999999995,900,1700
24.06.2024 02:52:08.424,36.7729,36.7625,1100,1700
24.06.2024 02:52:13.636,36.7733,36.7635,1400,1000
24.06.2024 02:52:18.346,36.774100000000004,36.7647,1300,1600
24.06.2024 02:52:42.737,36.7738,36.7637,1200,800
24.06.2024 02:52:45.243,36.772800000000004,36.7622,1000,900
24.06.2024 02:52:45.394,36.77460000000001,36.7645,800,1000
24.06.2024 02:52:50.208,36.7737,36.7634,900,900
24.06.2024 02:52:54.318,36.7745,36.7646,1200,900
24.06.2024 02:53:48.113,36.772999999999996,36.7639,1200,800
24.06.2024 02:53:52.624,36.7744,36.7648,1300,1700
24.06.2024 02:53:52.725,36.7765,36.7661,1000,1000
24.06.2024 02:53:56.183,36.7757,36.765800000000006,900,1100
24.06.2024 02:53:57.536,36.7737,36.763600000000004,1500,800
24.06.2024 02:54:07.958,36.7759,36.7652,800,1200
24.06.2024 02:54:21.341,36.774300000000004,36.7648,1000,1700
24.06.2024 02:54:45.652,36.775600000000004,36.7653,1400,1400
24.06.2024 02:55:08.873,36.7749,36.765,900,1100
24.06.2024 02:55:09.375,36.7752,36.765800000000006,500,1400
24.06.2024 02:56:30.380,36.77460000000001,36.764199999999995,1200,900
24.06.2024 02:56:40.407,36.7757,36.7657,1700,1400
24.06.2024 02:56:59.051,36.7774,36.768,1500,900
24.06.2024 02:57:05.873,36.7799,36.7694,1300,1100
24.06.2024 02:57:05.974,36.782199999999996,36.7724,1600,1000
24.06.2024 02:57:06.125,36.7839,36.7731,1700,400
24.06.2024 02:57:13.194,36.7844,36.775000000000006,1400,1300
24.06.2024 02:57:13.345,36.7853,36.7754,1200,1200
24.06.2024 02:57:14.248,36.786500000000004,36.776399999999995,1400,1200
24.06.2024 02:57:14.349,36.7873,36.7779,1000,1100
24.06.2024 02:57:24.320,36.7862,36.7769,1000,1200
24.06.2024 02:57:25.775,36.7864,36.7763,800,920.0001
24.06.2024 02:57:36.150,36.787800000000004,36.7775,1200,1100
24.06.2024 02:57:36.251,36.7894,36.7795,1500,900
24.06.2024 02:58:02.533,36.7901,36.78060000000001,1500,800
24.06.2024 02:58:03.939,36.7902,36.7796,1400,1300
24.06.2024 02:58:15.567,36.7905,36.7805,1400,800
24.06.2024 02:58:46.070,36.790800000000004,36.7799,1100,900
24.06.2024 02:59:28.727,36.789500000000004,36.779399999999995,1300,1400
24.06.2024 03:00:04.410,36.7886,36.778600000000004,1500,1600
24.06.2024 03:00:08.369,36.7873,36.7774,800,1300
24.06.2024 03:00:22.050,36.785399999999996,36.7759,700,1100
24.06.2024 03:00:26.937,36.7901,36.7678,1920,1500
24.06.2024 03:00:28.542,36.7913,36.7689,520,2700
24.06.2024 03:00:30.045,36.781800000000004,36.7717,1300,1600
24.06.2024 03:00:42.875,36.7814,36.771100000000004,400,1820.0001
24.06.2024 03:00:42.927,36.7823,36.772600000000004,1000,1300
24.06.2024 03:01:06.948,36.781800000000004,36.7708,1100,1000
24.06.2024 03:01:16.824,36.783500000000004,36.770399999999995,1100,1700
24.06.2024 03:01:17.225,36.7827,36.770399999999995,1200,1000
24.06.2024 03:01:21.786,36.7802,36.769800000000004,1300,1600
24.06.2024 03:01:30.255,36.7826,36.7709,500,1600
24.06.2024 03:01:33.011,36.780100000000004,36.7695,800,1300
24.06.2024 03:01:34.164,36.782399999999996,36.7705,600,1000
24.06.2024 03:01:35.368,36.783,36.772000000000006,700,1720.0001
24.06.2024 03:01:35.669,36.784800000000004,36.7727,700,900
24.06.2024 03:01:41.865,36.7856,36.772999999999996,700,1400
24.06.2024 03:01:47.132,36.7873,36.774800000000006,700,1100
24.06.2024 03:01:54.257,36.786,36.7739,700,1600
24.06.2024 03:01:59.073,36.7844,36.7723,900,1300
24.06.2024 03:02:01.431,36.783,36.7701,1300,900
24.06.2024 03:02:02.034,36.780300000000004,36.7685,400,1500
24.06.2024 03:02:04.392,36.78060000000001,36.7694,400,1400
24.06.2024 03:02:18.939,36.7804,36.768100000000004,500,1200
24.06.2024 03:02:19.592,36.781800000000004,36.769999999999996,1100,1500
24.06.2024 03:02:25.758,36.7812,36.7719,1300,900
24.06.2024 03:02:32.922,36.781800000000004,36.7708,1000,1000
24.06.2024 03:02:42.945,36.78,36.7685,800,1100
24.06.2024 03:02:43.747,36.7805,36.7694,400,1000
24.06.2024 03:02:45.904,36.7807,36.768,400,1600
24.06.2024 03:02:47.307,36.7796,36.7677,1200,1500
24.06.2024 03:02:53.872,36.777100000000004,36.7659,1200,720
24.06.2024 03:02:53.922,36.7763,36.765,600,1000
24.06.2024 03:02:55.930,36.777300000000004,36.7668,1100,900
24.06.2024 03:02:58.587,36.778,36.766600000000004,1000,1400
24.06.2024 03:03:02.912,36.7779,36.765100000000004,800,1200
24.06.2024 03:03:10.381,36.78060000000001,36.7701,1200,1300
24.06.2024 03:03:40.501,36.779399999999995,36.769600000000004,1200,800
24.06.2024 03:03:51.258,36.7807,36.771,1200,1000
24.06.2024 03:04:11.254,36.7793,36.7691,1600,900
24.06.2024 03:05:03.435,36.7783,36.768800000000006,1100,800
24.06.2024 03:05:18.152,36.778000000000006,36.7675,600,1200
24.06.2024 03:05:26.683,36.7798,36.768800000000006,1100,1700
24.06.2024 03:05:37.165,36.7793,36.7697,900,1700
24.06.2024 03:05:37.518,36.7793,36.7683,900,1000
24.06.2024 03:05:47.036,36.779399999999995,36.769800000000004,900,1400
24.06.2024 03:05:47.438,36.7799,36.7689,1200,1400
24.06.2024 03:05:48.592,36.7795,36.7694,1200,1300
24.06.2024 03:05:53.254,36.7799,36.768800000000006,1200,1200
24.06.2024 03:06:05.777,36.7785,36.7684,900,1100
24.06.2024 03:06:13.549,36.779199999999996,36.7691,1300,900
24.06.2024 03:06:44.478,36.78060000000001,36.7708,1100,1100
24.06.2024 03:06:48.375,36.7793,36.7692,700,800
24.06.2024 03:06:50.433,36.780800000000006,36.769999999999996,900,900
24.06.2024 03:07:06.379,36.7791,36.7693,1100,900
24.06.2024 03:07:25.377,36.78060000000001,36.7706,1400,1300
24.06.2024 03:08:27.351,36.7798,36.769800000000004,900,1200
24.06.2024 03:08:32.013,36.78060000000001,36.771,900,1600
24.06.2024 03:08:44.094,36.7813,36.771,1300,1400
24.06.2024 03:09:07.363,36.7804,36.7705,800,1000
24.06.2024 03:10:30.742,36.7795,36.7692,900,500
24.06.2024 03:12:26.608,36.7777,36.767199999999995,500,1500
24.06.2024 03:12:50.230,36.778800000000004,36.7682,1200,1000
24.06.2024 03:13:14.589,36.777,36.7661,1400,1500
24.06.2024 03:13:14.692,36.7731,36.7638,900,1600
24.06.2024 03:13:34.197,36.7714,36.761199999999995,500,1300
24.06.2024 03:13:39.259,36.7725,36.7617,1000,1100
24.06.2024 03:13:45.323,36.773199999999996,36.7638,1100,1100
24.06.2024 03:13:49.888,36.77160000000001,36.760999999999996,1300,1000
24.06.2024 03:14:25.709,36.772600000000004,36.7617,1100,1200
24.06.2024 03:14:29.373,36.7725,36.762800000000006,1000,1000
24.06.2024 03:14:58.403,36.773,36.762,1000,920.0001
24.06.2024 03:15:21.662,36.771800000000006,36.7615,700,1500
24.06.2024 03:15:27.527,36.7721,36.7622,1400,1100
24.06.2024 03:15:40.057,36.771300000000004,36.7618,1200,1600
24.06.2024 03:15:45.522,36.7725,36.7625,1100,900
24.06.2024 03:16:38.032,36.7733,36.7638,1600,1300
24.06.2024 03:16:40.491,36.7749,36.765,800,1500
24.06.2024 03:17:21.492,36.7733,36.7637,1500,1200
24.06.2024 03:17:31.168,36.774100000000004,36.763999999999996,1100,800
24.06.2024 03:18:31.241,36.775800000000004,36.7659,700,1500
24.06.2024 03:18:32.143,36.774300000000004,36.7649,900,1500
24.06.2024 03:19:15.100,36.7731,36.7631,900,700
24.06.2024 03:19:21.632,36.7727,36.7622,700,900
24.06.2024 03:20:14.181,36.773199999999996,36.7637,1500,1700
24.06.2024 03:20:30.572,36.7717,36.761399999999995,500,1500
24.06.2024 03:20:59.150,36.7701,36.760600000000004,400,1400
24.06.2024 03:22:27.414,36.772600000000004,36.7624,1700,1300
24.06.2024 03:23:05.803,36.7751,36.7632,1100,700
24.06.2024 03:23:05.904,36.7759,36.7648,1000,1200
24.06.2024 03:23:06.005,36.774100000000004,36.763,900,1200
24.06.2024 03:23:07.108,36.7737,36.7623,1400,1000
24.06.2024 03:23:44.953,36.7724,36.762100000000004,600,1300
24.06.2024 03:23:45.054,36.7727,36.760600000000004,1300,1500
24.06.2024 03:24:38.775,36.772999999999996,36.762600000000006,1400,1300
24.06.2024 03:25:30.608,36.773,36.7613,1300,1720.0001
24.06.2024 03:25:30.759,36.7736,36.762,1400,1200
24.06.2024 03:25:34.065,36.772000000000006,36.7603,700,900
24.06.2024 03:25:54.408,36.769999999999996,36.7594,1000,1000
24.06.2024 03:26:07.396,36.769,36.7595,800,1300
24.06.2024 03:26:16.426,36.768100000000004,36.7585,1200,1600
24.06.2024 03:26:16.577,36.7671,36.7569,800,1700
24.06.2024 03:26:31.189,36.7639,36.753800000000005,800,1300
24.06.2024 03:26:31.290,36.762,36.7516,1000,1400
24.06.2024 03:26:31.542,36.7619,36.7503,1000,1100
24.06.2024 03:26:34.048,36.7609,36.7493,800,1500
24.06.2024 03:26:34.249,36.761399999999995,36.7516,600,1500
24.06.2024 03:26:38.615,36.76,36.750800000000005,1500,700
24.06.2024 03:26:38.716,36.7594,36.7499,1200,800
24.06.2024 03:26:38.817,36.760600000000004,36.750600000000006,700,1400
24.06.2024 03:26:47.394,36.7617,36.7515,1300,1200
24.06.2024 03:26:51.103,36.759100000000004,36.7497,700,1000
24.06.2024 03:27:17.965,36.7603,36.75,800,1000
24.06.2024 03:27:26.236,36.7581,36.7483,700,900
24.06.2024 03:27:36.260,36.759600000000006,36.7499,1200,1400
24.06.2024 03:28:01.562,36.7587,36.7488,1000,700
24.06.2024 03:28:27.979,36.7593,36.749399999999994,1300,1200
24.06.2024 03:29:55.034,36.7616,36.7513,900,800
24.06.2024 03:29:55.184,36.7635,36.7534,1200,400
24.06.2024 03:30:01.301,36.7616,36.7519,800,1600
24.06.2024 03:30:01.702,36.760600000000004,36.750600000000006,700,1100
24.06.2024 03:32:20.952,36.7595,36.7498,400,1300
24.06.2024 03:33:09.028,36.7625,36.7525,800,1100
24.06.2024 03:35:31.276,36.7632,36.7531,1200,1000
24.06.2024 03:35:32.529,36.764199999999995,36.754,1100,700
24.06.2024 03:36:55.763,36.763600000000004,36.7537,800,1500
24.06.2024 03:37:10.297,36.761399999999995,36.7503,700,1300
24.06.2024 03:37:11.753,36.7609,36.750600000000006,900,900
24.06.2024 03:37:16.212,36.7616,36.7511,700,1500
24.06.2024 03:37:25.696,36.762600000000006,36.7527,1600,1200
24.06.2024 03:37:26.698,36.7639,36.753800000000005,1720.0001,500
24.06.2024 03:37:27.702,36.7625,36.753,800,600
24.06.2024 03:37:29.058,36.7639,36.7533,1520.0001,1100
24.06.2024 03:37:30.713,36.7616,36.7514,1000,1200
24.06.2024 03:37:37.725,36.7622,36.751999999999995,800,700
24.06.2024 03:37:39.733,36.763600000000004,36.752199999999995,1020.0001,800
24.06.2024 03:37:45.698,36.762800000000006,36.752199999999995,1100,1300
24.06.2024 03:37:46.701,36.7622,36.7516,1600,1000
24.06.2024 03:37:49.710,36.762800000000006,36.7521,1200,800
24.06.2024 03:37:57.724,36.7633,36.752399999999994,1420.0001,700
24.06.2024 03:38:10.355,36.7633,36.7529,1000,700
24.06.2024 03:38:10.406,36.7637,36.7533,900,600
24.06.2024 03:38:20.251,36.763,36.7527,1500,500
24.06.2024 03:39:11.728,36.7641,36.7543,900,1400
24.06.2024 03:39:12.932,36.7633,36.753,800,1400
24.06.2024 03:40:11.017,36.762600000000006,36.7521,800,1200
24.06.2024 03:40:23.210,36.7609,36.7504,1400,900
24.06.2024 03:40:36.939,36.7618,36.7501,1400,1500
24.06.2024 03:41:11.031,36.7605,36.75,700,1400
24.06.2024 03:41:31.230,36.762,36.750600000000006,1000,1500
24.06.2024 03:41:33.633,36.760999999999996,36.7517,500,1500
24.06.2024 03:43:10.178,36.762800000000006,36.752199999999995,600,900
24.06.2024 03:43:32.234,36.7608,36.7503,1000,1100
24.06.2024 03:43:32.335,36.7592,36.7498,800,1100
24.06.2024 03:44:00.405,36.758399999999995,36.7487,900,1000
24.06.2024 03:44:05.816,36.7574,36.7457,900,820.0001
24.06.2024 03:44:30.795,36.758199999999995,36.7474,1300,1100
24.06.2024 03:44:39.015,36.7573,36.7471,800,1700
24.06.2024 03:44:59.669,36.758399999999995,36.7471,1400,900
24.06.2024 03:45:16.512,36.7564,36.7456,1100,900
24.06.2024 03:45:16.763,36.7556,36.745000000000005,700,800
24.06.2024 03:45:18.416,36.7573,36.746399999999994,500,1200
24.06.2024 03:45:40.974,36.7562,36.745,1100,1000
24.06.2024 03:45:50.398,36.7551,36.7449,400,1300
24.06.2024 03:45:55.562,36.7558,36.7455,1200,1400
24.06.2024 03:45:56.366,36.7574,36.745999999999995,500,900
24.06.2024 03:45:57.470,36.7571,36.7473,600,1600
24.06.2024 03:46:03.117,36.757999999999996,36.7481,1600,1500
24.06.2024 03:46:23.230,36.7599,36.7497,1100,1200
24.06.2024 03:47:02.401,36.757999999999996,36.7483,1000,900
24.06.2024 03:47:02.803,36.7579,36.7477,900,1500
24.06.2024 03:47:04.007,36.7588,36.7489,1300,1300
24.06.2024 03:47:58.728,36.7565,36.7463,900,800
24.06.2024 03:48:05.450,36.7565,36.7466,1200,1020.0001
24.06.2024 03:48:46.492,36.7561,36.7461,1200,800
24.06.2024 03:48:48.204,36.755199999999995,36.7454,700,1000
24.06.2024 03:48:48.305,36.7521,36.7428,500,1400
24.06.2024 03:48:54.636,36.752,36.7411,1400,1400
24.06.2024 03:48:54.938,36.7509,36.7408,700,1200
24.06.2024 03:48:57.846,36.7511,36.741600000000005,700,1600
24.06.2024 03:48:59.400,36.7504,36.7405,600,1600
24.06.2024 03:49:01.004,36.751999999999995,36.741,400,1500
24.06.2024 03:49:04.814,36.7527,36.7429,800,1000
24.06.2024 03:49:36.238,36.7546,36.7445,1100,1500
24.06.2024 03:49:45.933,36.754999999999995,36.7451,700,1400
24.06.2024 03:49:54.052,36.7557,36.7435,1100,1300
24.06.2024 03:49:56.210,36.758,36.7423,900,1300
24.06.2024 03:50:12.699,36.7589,36.7456,900,1100
24.06.2024 03:50:12.950,36.758199999999995,36.7469,1400,1100
24.06.2024 03:50:47.745,36.759,36.7465,400,1620.0001
24.06.2024 03:50:47.948,36.7556,36.7447,500,820.0001
24.06.2024 03:50:48.099,36.7544,36.7423,1000,1720.0001
24.06.2024 03:50:48.199,36.7541,36.7429,700,1000
24.06.2024 03:50:51.057,36.7543,36.741600000000005,400,4600
24.06.2024 03:51:11.049,36.7541,36.7433,1000,1300
24.06.2024 03:51:12.452,36.756600000000006,36.7439,800,1600
24.06.2024 03:51:21.056,36.7574,36.7463,500,1000
24.06.2024 03:51:36.069,36.7572,36.7457,1000,1600
24.06.2024 03:51:39.579,36.754999999999995,36.7431,1200,700
24.06.2024 03:51:39.780,36.7557,36.7429,1300,1600
24.06.2024 03:51:50.304,36.7521,36.7419,1000,1100
24.06.2024 03:51:50.355,36.7516,36.7395,800,1500
24.06.2024 03:51:50.406,36.7509,36.7383,600,1400
24.06.2024 03:51:54.373,36.7519,36.7383,600,1500
24.06.2024 03:51:55.552,36.7547,36.7401,1400,4150.0002
24.06.2024 03:51:55.603,36.7551,36.7427,1100,1300
24.06.2024 03:52:00.616,36.7564,36.7445,1200,800
24.06.2024 03:52:59.212,36.7571,36.7452,1100,800
24.06.2024 03:53:18.514,36.756600000000006,36.7449,1300,1200
24.06.2024 03:53:39.963,36.755399999999995,36.7431,1400,1500
24.06.2024 03:53:45.790,36.756600000000006,36.7447,400,1000
24.06.2024 03:54:07.093,36.7572,36.7447,1100,1400
24.06.2024 03:54:31.664,36.758399999999995,36.7469,1200,1400
24.06.2024 03:54:38.232,36.7586,36.7469,900,1120.0001
24.06.2024 03:54:56.940,36.7585,36.7467,1100,1600
24.06.2024 03:55:58.643,36.7572,36.7452,500,1500
24.06.2024 03:57:07.292,36.7583,36.747,600,800
24.06.2024 03:57:07.743,36.7586,36.7465,1100,1720.0001
24.06.2024 03:57:30.046,36.759600000000006,36.7477,1400,900
24.06.2024 03:57:30.097,36.7608,36.749,700,1400
24.06.2024 03:58:02.681,36.7616,36.7514,400,700
24.06.2024 03:58:02.787,36.7631,36.753800000000005,1200,900
24.06.2024 03:58:02.890,36.762100000000004,36.752199999999995,700,800
24.06.2024 03:58:44.490,36.7631,36.754000000000005,1000,500
24.06.2024 03:59:26.145,36.7649,36.7543,1700,1300
24.06.2024 03:59:29.853,36.763600000000004,36.7539,1000,1400
24.06.2024 03:59:42.892,36.7619,36.7517,1200,1700
24.06.2024 03:59:44.347,36.762600000000006,36.7525,1300,1500
24.06.2024 03:59:47.004,36.7633,36.753600000000006,1000,700
24.06.2024 04:00:00.590,36.7624,36.752399999999994,1200,1200
24.06.2024 04:00:26.903,36.7647,36.7546,1970,1300
24.06.2024 04:00:26.954,36.760999999999996,36.7516,1000,1200
24.06.2024 04:00:27.759,36.7627,36.7526,1000,700
24.06.2024 04:00:27.860,36.7633,36.7531,1400,800
24.06.2024 04:00:37.833,36.7632,36.7528,700,900
24.06.2024 04:00:44.245,36.7649,36.7542,1600,1100
24.06.2024 04:00:44.346,36.765800000000006,36.754999999999995,1400,1600
24.06.2024 04:00:45.349,36.764199999999995,36.7548,1000,1600
24.06.2024 04:00:45.651,36.7645,36.7539,1200,1400
24.06.2024 04:01:00.146,36.7633,36.7532,1400,800
24.06.2024 04:01:05.931,36.7646,36.7532,1400,900
24.06.2024 04:01:26.484,36.7622,36.7525,1100,900
24.06.2024 04:01:26.537,36.762,36.7517,1400,1700
24.06.2024 04:01:27.239,36.7627,36.751999999999995,1600,800
24.06.2024 04:01:27.490,36.7637,36.7537,1000,1200
24.06.2024 04:01:41.476,36.762,36.7517,800,800
24.06.2024 04:01:42.028,36.7623,36.7525,1000,1600
24.06.2024 04:01:42.129,36.764,36.7537,900,1000
24.06.2024 04:01:52.354,36.7632,36.7521,1000,1100
24.06.2024 04:01:56.415,36.7637,36.7529,1420.0001,1200
24.06.2024 04:01:56.566,36.7622,36.7523,1500,900
24.06.2024 04:02:09.786,36.761199999999995,36.7513,1200,1700
24.06.2024 04:02:17.814,36.76,36.7501,700,1100
24.06.2024 04:03:30.693,36.7618,36.7519,1500,800
24.06.2024 04:03:31.645,36.7586,36.749,1000,900
24.06.2024 04:03:31.796,36.7574,36.7475,1500,1200
24.06.2024 04:03:52.146,36.7535,36.7436,1200,1200
24.06.2024 04:03:58.342,36.7547,36.7445,900,1000
24.06.2024 04:04:03.359,36.7532,36.743399999999994,1000,600
24.06.2024 04:04:47.769,36.7555,36.7458,1100,1600
24.06.2024 04:04:47.871,36.756600000000006,36.7468,1000,1700
24.06.2024 04:04:47.972,36.755399999999995,36.7457,1300,1000
24.06.2024 04:04:50.829,36.7544,36.744800000000005,1600,800
24.06.2024 04:04:52.033,36.7563,36.7461,1600,1400
24.06.2024 04:04:57.254,36.7558,36.7452,1100,1500
24.06.2024 04:05:12.095,36.7548,36.7442,1700,1700
24.06.2024 04:05:55.052,36.755199999999995,36.7452,1200,1000
24.06.2024 04:06:12.348,36.7541,36.744600000000005,1100,700
24.06.2024 04:06:23.924,36.7537,36.744,700,1300
24.06.2024 04:06:36.906,36.7546,36.745000000000005,800,600
24.06.2024 04:07:13.903,36.753600000000006,36.743199999999995,700,900
24.06.2024 04:07:14.004,36.752399999999994,36.7422,1100,400
24.06.2024 04:07:55.224,36.7486,36.7389,1300,1300
24.06.2024 04:07:55.325,36.7445,36.734300000000005,900,500
24.06.2024 04:07:55.476,36.7429,36.7327,600,1300
24.06.2024 04:07:59.185,36.743199999999995,36.7335,1600,1200
24.06.2024 04:08:07.153,36.7447,36.73460000000001,1400,500
24.06.2024 04:08:20.338,36.7422,36.732600000000005,1000,1000
24.06.2024 04:08:46.648,36.7335,36.723600000000005,600,1300
24.06.2024 04:08:46.749,36.7324,36.7227,1300,600
24.06.2024 04:08:47.201,36.733,36.7232,700,800
24.06.2024 04:08:47.753,36.73180000000001,36.7219,800,600
24.06.2024 04:08:55.071,36.7365,36.7263,1300,600
24.06.2024 04:08:55.174,36.737100000000005,36.7273,800,800
24.06.2024 04:08:55.276,36.738600000000005,36.7284,1000,500
24.06.2024 04:09:02.548,36.7368,36.7261,1100,900
24.06.2024 04:09:06.762,36.73760000000001,36.7279,500,800
24.06.2024 04:09:23.607,36.7398,36.729800000000004,900,600
24.06.2024 04:09:23.808,36.741,36.7301,1200,1000
24.06.2024 04:09:37.070,36.7397,36.729800000000004,1400,1200
24.06.2024 04:09:47.855,36.740899999999996,36.729600000000005,900,700
24.06.2024 04:09:58.836,36.7405,36.730399999999996,500,1200
24.06.2024 04:10:08.509,36.7417,36.7314,900,800
24.06.2024 04:10:10.365,36.7437,36.7324,1200,1300
24.06.2024 04:10:10.466,36.7444,36.733399999999996,900,1000
24.06.2024 04:10:31.287,36.7435,36.7322,800,1000
24.06.2024 04:10:34.145,36.7467,36.7339,1200,600
24.06.2024 04:10:46.576,36.7454,36.7331,1700,800
24.06.2024 04:10:48.582,36.7447,36.7327,1000,800
24.06.2024 04:10:52.244,36.7459,36.7337,1500,900
24.06.2024 04:11:29.211,36.746399999999994,36.73460000000001,1300,1100
24.06.2024 04:11:36.425,36.7459,36.7335,800,500
24.06.2024 04:12:00.988,36.7445,36.73180000000001,600,1000
24.06.2024 04:12:01.039,36.7443,36.7323,1200,700
24.06.2024 04:12:06.050,36.7445,36.73180000000001,1200,700
24.06.2024 04:12:06.402,36.7442,36.7321,500,1100
24.06.2024 04:12:23.446,36.7465,36.7333,1100,1000
24.06.2024 04:13:40.377,36.746,36.7332,1000,1100
24.06.2024 04:14:02.383,36.7466,36.735,1000,1200
24.06.2024 04:14:03.887,36.7497,36.738800000000005,1100,800
24.06.2024 04:14:04.038,36.75,36.7366,1200,900
24.06.2024 04:14:05.242,36.7465,36.7363,1200,700
24.06.2024 04:14:09.402,36.7452,36.7353,800,800
24.06.2024 04:14:11.106,36.744800000000005,36.7349,1100,1000
24.06.2024 04:15:00.322,36.7439,36.734,1000,400
24.06.2024 04:15:18.273,36.743,36.7323,1300,600
24.06.2024 04:18:39.338,36.7439,36.733,1200,1300
24.06.2024 04:18:42.095,36.7425,36.7322,700,900
24.06.2024 04:18:49.313,36.7429,36.731500000000004,1000,500
24.06.2024 04:19:29.309,36.7421,36.733000000000004,800,1100
24.06.2024 04:19:34.773,36.7454,36.7329,1500,1400
24.06.2024 04:19:34.974,36.742,36.731700000000004,400,400
24.06.2024 04:20:10.318,36.7422,36.7324,1400,500
24.06.2024 04:20:21.295,36.7477,36.732600000000005,1600,1100
24.06.2024 04:20:32.534,36.7465,36.734500000000004,800,400
24.06.2024 04:20:38.896,36.7425,36.7306,900,1000
24.06.2024 04:20:38.997,36.741800000000005,36.729800000000004,900,1300
24.06.2024 04:20:41.002,36.7439,36.73180000000001,1120.0001,1300
24.06.2024 04:20:41.103,36.743199999999995,36.731700000000004,1500,1000
24.06.2024 04:21:17.211,36.7475,36.7363,1400,900
24.06.2024 04:21:17.262,36.7509,36.7383,1000,1300
24.06.2024 04:21:17.463,36.7457,36.7359,500,800
24.06.2024 04:21:18.566,36.746399999999994,36.7361,600,900
24.06.2024 04:21:29.040,36.7471,36.7374,900,1000
24.06.2024 04:21:33.855,36.7469,36.736399999999996,900,900
24.06.2024 04:21:39.119,36.7489,36.7383,900,1200
24.06.2024 04:21:44.331,36.7497,36.7395,1000,1000
24.06.2024 04:21:45.436,36.7474,36.737500000000004,700,900
24.06.2024 04:21:47.791,36.7486,36.7387,900,1000
24.06.2024 04:21:49.346,36.7491,36.7399,1400,900
24.06.2024 04:22:23.656,36.750600000000006,36.740899999999996,500,1500
24.06.2024 04:24:50.821,36.7516,36.741800000000005,1000,800
24.06.2024 04:26:09.420,36.7502,36.7406,1000,1000
24.06.2024 04:26:15.634,36.7513,36.7412,1100,900
24.06.2024 04:26:53.136,36.750800000000005,36.7406,900,1300
24.06.2024 04:26:58.250,36.7512,36.7414,1400,1100
24.06.2024 04:27:26.618,36.7503,36.740399999999994,1000,1600
24.06.2024 04:28:24.855,36.7527,36.741600000000005,1500,800
24.06.2024 04:29:05.114,36.7531,36.7423,1820.0001,1100
24.06.2024 04:29:50.143,36.7539,36.743,1000,1300
24.06.2024 04:30:24.093,36.7511,36.7419,800,800
24.06.2024 04:30:24.295,36.7525,36.7417,900,1200
24.06.2024 04:30:44.641,36.7507,36.7408,1200,1400
24.06.2024 04:32:48.596,36.7475,36.737700000000004,1000,1700
24.06.2024 04:32:51.805,36.749399999999994,36.7392,1400,900
24.06.2024 04:33:25.058,36.7484,36.7381,900,1100
24.06.2024 04:33:27.015,36.749199999999995,36.7397,1400,1400
24.06.2024 04:33:29.670,36.7505,36.7408,800,1100
24.06.2024 04:33:38.342,36.747800000000005,36.7372,700,1200
24.06.2024 04:33:51.776,36.7441,36.7342,1300,1100
24.06.2024 04:34:11.636,36.7487,36.7389,1320.0001,600
24.06.2024 04:34:11.686,36.7484,36.7382,900,1200
24.06.2024 04:34:12.088,36.7497,36.7396,1000,1200
24.06.2024 04:36:48.372,36.750600000000006,36.7401,800,1500
24.06.2024 04:36:48.573,36.751,36.7411,1000,1600
24.06.2024 04:37:43.848,36.7543,36.7445,1100,900
24.06.2024 04:39:11.655,36.7553,36.7454,1300,900
24.06.2024 04:40:38.878,36.7533,36.7433,1200,900
24.06.2024 04:40:41.333,36.7512,36.741,400,1100
24.06.2024 04:41:08.896,36.752399999999994,36.742399999999996,500,800
24.06.2024 04:41:31.102,36.7534,36.7439,1600,1600
24.06.2024 04:42:42.245,36.7545,36.744,800,1300
24.06.2024 04:44:33.580,36.7539,36.7438,900,1400
24.06.2024 04:45:17.627,36.755399999999995,36.7452,1200,1500
24.06.2024 04:45:42.730,36.756600000000006,36.7468,1200,1300
24.06.2024 04:45:46.437,36.7557,36.7455,1300,1700
24.06.2024 04:45:46.538,36.756,36.7463,1200,800
24.06.2024 04:48:09.239,36.7583,36.7489,800,1400
24.06.2024 04:48:54.563,36.7595,36.7493,1100,800
24.06.2024 04:50:35.629,36.759,36.7469,1100,1100
24.06.2024 04:50:45.681,36.7573,36.745,1100,700
24.06.2024 04:52:29.921,36.758199999999995,36.7459,1000,1200
24.06.2024 04:52:38.093,36.758,36.7445,800,900
24.06.2024 04:52:38.447,36.7545,36.7433,700,1400
24.06.2024 04:52:38.949,36.7577,36.7445,1200,1600
24.06.2024 04:52:59.650,36.7572,36.7451,800,1200
24.06.2024 04:54:10.324,36.7559,36.7431,400,1200
24.06.2024 04:55:04.860,36.7531,36.7413,400,1300
24.06.2024 04:55:20.580,36.7511,36.7397,1400,1800
24.06.2024 04:57:33.150,36.7516,36.740899999999996,1200,1000
24.06.2024 04:57:35.104,36.7511,36.7393,1200,1600
24.06.2024 04:58:30.615,36.7511,36.7407,700,700
24.06.2024 04:59:41.526,36.752199999999995,36.741,700,1600
24.06.2024 05:00:08.664,36.7526,36.7401,1500,900
24.06.2024 05:02:48.086,36.7514,36.7395,1100,1600
24.06.2024 05:02:48.187,36.7504,36.739399999999996,1300,1000
24.06.2024 05:05:09.372,36.747,36.7363,800,1600
24.06.2024 05:05:09.423,36.7461,36.73480000000001,1500,1500
24.06.2024 05:05:19.198,36.745,36.732800000000005,1400,1600
24.06.2024 05:05:22.606,36.747,36.7342,1600,1600
24.06.2024 05:05:48.111,36.7458,36.733399999999996,1100,1400
24.06.2024 05:06:15.839,36.745000000000005,36.733000000000004,800,900
24.06.2024 05:06:15.990,36.7425,36.729600000000005,1700,1200
24.06.2024 05:06:16.041,36.7403,36.729000000000006,1100,1000
24.06.2024 05:06:16.343,36.739,36.726600000000005,900,1300
24.06.2024 05:06:16.494,36.7381,36.726,1300,800
24.06.2024 05:06:45.100,36.7379,36.725,1500,800
24.06.2024 05:07:38.106,36.739000000000004,36.7265,1000,1600
24.06.2024 05:07:38.358,36.7399,36.72880000000001,500,1300
24.06.2024 05:07:53.091,36.7428,36.7287,1000,1100
24.06.2024 05:07:58.506,36.7398,36.72880000000001,600,900
24.06.2024 05:08:03.217,36.7419,36.7287,1600,800
24.06.2024 05:08:08.429,36.740899999999996,36.7282,800,1000
24.06.2024 05:08:13.448,36.7393,36.7262,1300,1400
24.06.2024 05:08:18.258,36.7408,36.728100000000005,1500,1500
24.06.2024 05:08:26.281,36.743199999999995,36.7287,1400,1500
24.06.2024 05:08:27.183,36.742,36.72880000000001,800,1500
24.06.2024 05:08:37.705,36.742999999999995,36.7303,900,1200
24.06.2024 05:08:47.428,36.740899999999996,36.7282,1200,1400
24.06.2024 05:09:06.509,36.741,36.729,900,1300
24.06.2024 05:09:06.760,36.740199999999994,36.7282,900,800
24.06.2024 05:09:07.363,36.740399999999994,36.7295,900,700
24.06.2024 05:09:59.198,36.741,36.728,1000,1000
24.06.2024 05:10:26.502,36.7413,36.729600000000005,1300,700
24.06.2024 05:10:41.396,36.7417,36.7301,1300,1200
24.06.2024 05:10:41.647,36.741800000000005,36.729800000000004,1100,1100
24.06.2024 05:10:42.352,36.7408,36.7291,700,1000
24.06.2024 05:10:52.979,36.7422,36.729800000000004,800,1400
24.06.2024 05:10:58.493,36.7436,36.7312,1000,800
24.06.2024 05:10:59.397,36.7429,36.7308,1300,1100
24.06.2024 05:11:00.350,36.7429,36.730000000000004,1400,1000
24.06.2024 05:11:01.453,36.7426,36.7305,600,900
24.06.2024 05:11:02.137,36.743199999999995,36.731500000000004,500,900
24.06.2024 05:11:03.391,36.7431,36.7327,1100,900
24.06.2024 05:11:05.396,36.7423,36.73160000000001,900,500
24.06.2024 05:11:44.409,36.7413,36.729800000000004,1500,1400
24.06.2024 05:11:58.044,36.7427,36.7303,700,1100
24.06.2024 05:13:25.069,36.743199999999995,36.732800000000005,1300,900
24.06.2024 05:16:11.263,36.7431,36.7338,1300,800
24.06.2024 05:16:19.688,36.7488,36.738800000000005,1100,400
24.06.2024 05:16:19.940,36.75,36.7406,1200,700
24.06.2024 05:16:20.947,36.7511,36.7406,1000,1100
24.06.2024 05:17:46.968,36.753800000000005,36.743199999999995,500,1000
24.06.2024 05:17:54.492,36.751999999999995,36.7426,500,400
24.06.2024 05:18:37.104,36.7504,36.7405,1300,1100
24.06.2024 05:18:38.059,36.7496,36.739399999999996,500,900
24.06.2024 05:18:41.618,36.7515,36.741600000000005,400,1400
24.06.2024 05:19:11.941,36.7503,36.7408,500,1300
24.06.2024 05:19:12.042,36.749199999999995,36.7392,1300,1100
24.06.2024 05:19:17.372,36.7503,36.7407,600,1300
24.06.2024 05:20:41.100,36.748999999999995,36.738,1100,400
24.06.2024 05:20:48.118,36.7481,36.7363,900,1000
24.06.2024 05:21:48.989,36.749399999999994,36.7379,700,1100
24.06.2024 05:21:49.190,36.7501,36.7383,1300,1400
24.06.2024 05:21:59.368,36.7521,36.739999999999995,1500,1500
24.06.2024 05:21:59.420,36.7548,36.7411,500,1000
24.06.2024 05:21:59.470,36.754999999999995,36.7433,1400,400
24.06.2024 05:22:02.727,36.7535,36.743,1100,1100
24.06.2024 05:22:38.809,36.752399999999994,36.7403,1000,1200
24.06.2024 05:23:09.443,36.7534,36.7414,1500,800
24.06.2024 05:25:18.770,36.756,36.7431,800,1300
24.06.2024 05:25:18.871,36.7553,36.7447,1300,900
24.06.2024 05:25:21.778,36.7548,36.7423,1300,1300
24.06.2024 05:25:51.211,36.7557,36.7431,1500,900
24.06.2024 05:25:55.922,36.7545,36.742,1100,1600
24.06.2024 05:26:09.169,36.7533,36.7419,1700,800
24.06.2024 05:26:36.812,36.7516,36.740399999999994,1500,1200
24.06.2024 05:26:50.394,36.7504,36.7392,1300,1700
24.06.2024 05:29:57.730,36.7515,36.740399999999994,900,900
24.06.2024 05:30:02.047,36.7489,36.7352,1700,800
24.06.2024 05:30:02.198,36.745999999999995,36.73460000000001,1600,1000
24.06.2024 05:30:08.063,36.744800000000005,36.7336,1200,3650.0002
24.06.2024 05:30:13.677,36.7431,36.7324,1200,800
24.06.2024 05:30:29.954,36.7428,36.730199999999996,500,900
24.06.2024 05:30:30.106,36.7411,36.7293,1200,800
24.06.2024 05:30:42.587,36.7419,36.7303,1100,1200
24.06.2024 05:30:45.896,36.7399,36.727199999999996,1000,1100
24.06.2024 05:30:56.124,36.7406,36.7293,1300,1300
24.06.2024 05:30:59.540,36.740199999999994,36.7309,1000,900
24.06.2024 05:31:20.389,36.741600000000005,36.7319,1600,1000
24.06.2024 05:31:23.647,36.7401,36.730199999999996,1400,1200
24.06.2024 05:31:35.859,36.7417,36.731100000000005,1500,1200
24.06.2024 05:33:22.824,36.7433,36.7331,400,1300
24.06.2024 05:33:34.083,36.7425,36.7327,1200,1000
24.06.2024 05:36:44.079,36.7435,36.7335,1000,700
24.06.2024 05:36:44.330,36.7391,36.729600000000005,1200,1000
24.06.2024 05:36:44.381,36.739000000000004,36.7275,700,1500
24.06.2024 05:36:53.906,36.7351,36.725100000000005,1200,900
24.06.2024 05:36:54.712,36.734500000000004,36.7247,1500,500
24.06.2024 05:37:16.795,36.7327,36.72280000000001,1400,1100
24.06.2024 05:37:23.014,36.7303,36.7204,1400,1700
24.06.2024 05:37:23.115,36.7297,36.719300000000004,700,800
24.06.2024 05:37:28.930,36.730199999999996,36.7204,800,700
24.06.2024 05:37:33.292,36.733,36.724000000000004,1400,1300
24.06.2024 05:37:33.393,36.7344,36.724199999999996,1300,800
24.06.2024 05:37:37.903,36.7359,36.7259,1500,1300
24.06.2024 05:37:53.740,36.7413,36.731300000000005,820,1400
24.06.2024 05:37:53.791,36.7431,36.7335,700,600
24.06.2024 05:37:53.942,36.7442,36.7344,1600,1400
24.06.2024 05:38:00.054,36.7469,36.7366,1700,1200
24.06.2024 05:38:00.155,36.7479,36.737300000000005,800,1400
24.06.2024 05:38:03.740,36.7484,36.738800000000005,1000,700
24.06.2024 05:38:06.396,36.7495,36.739,700,500
24.06.2024 05:38:12.022,36.748,36.7387,800,900
24.06.2024 05:38:12.224,36.7473,36.73800000000001,1300,900
24.06.2024 05:38:27.614,36.745999999999995,36.7363,1600,1400
24.06.2024 05:38:35.284,36.7473,36.737300000000005,1300,1200
24.06.2024 05:38:55.322,36.7481,36.7382,1300,800
24.06.2024 05:38:59.938,36.7457,36.7357,800,700
24.06.2024 05:39:00.089,36.747800000000005,36.7365,1300,500
24.06.2024 05:39:03.397,36.7469,36.7363,1500,400
24.06.2024 05:39:03.599,36.7444,36.7349,1000,1300
24.06.2024 05:39:05.504,36.7421,36.733000000000004,1100,900
24.06.2024 05:39:05.605,36.742000000000004,36.7314,900,1400
24.06.2024 05:39:33.334,36.7426,36.7322,1400,600
24.06.2024 05:39:40.060,36.7437,36.7337,1100,1300
24.06.2024 05:39:40.211,36.746,36.735600000000005,1200,1400
24.06.2024 05:39:50.384,36.7443,36.73480000000001,1000,1000
24.06.2024 05:39:52.088,36.7457,36.736000000000004,900,700
24.06.2024 05:40:33.747,36.7442,36.7344,900,700
24.06.2024 05:42:09.841,36.746,36.7359,1320.0001,1300
24.06.2024 05:42:10.093,36.7453,36.7359,900,800
24.06.2024 05:42:15.460,36.7472,36.7367,1520.0001,1000
24.06.2024 05:42:28.038,36.7474,36.7357,820.0001,400
24.06.2024 05:42:39.614,36.7471,36.7363,1520.0001,1100
24.06.2024 05:42:39.716,36.7473,36.737700000000004,1600,600
24.06.2024 05:42:39.816,36.7498,36.739000000000004,900,700
24.06.2024 05:42:59.517,36.7475,36.7368,1600,700
24.06.2024 05:43:12.948,36.746399999999994,36.735800000000005,1400,1300
24.06.2024 05:43:37.087,36.746399999999994,36.7366,700,1100
24.06.2024 05:43:37.138,36.745999999999995,36.7351,1300,700
24.06.2024 05:44:39.883,36.7487,36.7365,1100,700
24.06.2024 05:44:57.644,36.7485,36.7366,1620.0001,800
24.06.2024 05:45:08.321,36.750600000000006,36.7385,1620.0001,600
24.06.2024 05:45:11.178,36.7505,36.738600000000005,1220.0001,500
24.06.2024 05:46:11.292,36.750800000000005,36.7387,1200,700
24.06.2024 05:46:24.157,36.748999999999995,36.7372,1620.0001,700
24.06.2024 05:46:30.230,36.7482,36.7374,1420.0001,1200
24.06.2024 05:46:30.832,36.746199999999995,36.7362,1220.0001,800
24.06.2024 05:46:30.933,36.7443,36.7335,1500,800
24.06.2024 05:46:46.880,36.7456,36.73480000000001,1320.0001,1200
24.06.2024 05:46:46.981,36.7455,36.734700000000004,1100,1100
24.06.2024 05:47:01.119,36.745,36.7342,1220.0001,900
24.06.2024 05:47:01.220,36.7452,36.734500000000004,1400,1300
24.06.2024 05:47:05.657,36.745999999999995,36.73500000000001,1420.0001,600
24.06.2024 05:47:24.269,36.7467,36.7349,1320.0001,1000
24.06.2024 05:47:47.427,36.7459,36.73500000000001,1300,1300
24.06.2024 05:47:48.884,36.7457,36.7342,1720.0001,700
24.06.2024 05:48:00.156,36.7459,36.7344,1300,1300
24.06.2024 05:48:23.524,36.747,36.734300000000005,920.0001,900
24.06.2024 05:48:35.504,36.7463,36.7353,1620.0001,700
24.06.2024 05:48:38.976,36.744,36.7349,1600,1300
24.06.2024 05:48:54.217,36.7458,36.735600000000005,1300,1100
24.06.2024 05:53:51.257,36.7441,36.734300000000005,1000,1400
24.06.2024 05:56:02.294,36.743399999999994,36.7338,800,1000
24.06.2024 05:57:17.292,36.7415,36.731300000000005,1100,1200
24.06.2024 05:57:27.571,36.7384,36.728300000000004,1000,1400
24.06.2024 05:57:27.672,36.73760000000001,36.727199999999996,1700,1000
24.06.2024 05:57:45.324,36.7357,36.725300000000004,900,700
24.06.2024 05:57:48.131,36.7337,36.723600000000005,1100,400
24.06.2024 05:57:48.232,36.7352,36.7252,1200,700
24.06.2024 05:57:50.789,36.7336,36.7237,1500,1100
24.06.2024 05:57:50.890,36.7337,36.7218,1100,1600
24.06.2024 05:58:08.159,36.7324,36.7216,900,600
24.06.2024 05:58:10.417,36.7325,36.7207,1000,900
24.06.2024 05:58:10.468,36.7307,36.719,1200,800
24.06.2024 05:58:10.569,36.728300000000004,36.7162,500,1100
24.06.2024 05:58:18.000,36.728500000000004,36.715199999999996,600,1400
24.06.2024 05:58:35.441,36.727199999999996,36.7158,500,800
24.06.2024 05:58:35.643,36.7278,36.71360000000001,700,1300
24.06.2024 05:58:35.794,36.72580000000001,36.7134,1100,1300
24.06.2024 05:58:36.798,36.7241,36.7113,800,1100
24.06.2024 05:58:42.916,36.724000000000004,36.7123,700,600
24.06.2024 05:58:43.268,36.724199999999996,36.7121,1200,1000
24.06.2024 05:58:43.319,36.723800000000004,36.7117,700,800
24.06.2024 05:58:43.470,36.7227,36.71060000000001,1300,1500
24.06.2024 05:58:45.901,36.7219,36.7097,1000,900
24.06.2024 05:58:46.002,36.722,36.7114,500,1400
24.06.2024 05:58:49.162,36.7235,36.711,1100,1300
24.06.2024 05:58:51.117,36.721399999999996,36.71,600,1200
24.06.2024 05:58:56.482,36.722500000000004,36.7113,1700,900
24.06.2024 05:59:11.973,36.721199999999996,36.7109,400,900
24.06.2024 05:59:19.093,36.723800000000004,36.7117,1400,800
24.06.2024 05:59:36.086,36.7237,36.713,800,800
24.06.2024 05:59:43.507,36.724,36.713300000000004,1300,900
24.06.2024 05:59:56.701,36.722300000000004,36.711,1600,1400
24.06.2024 05:59:58.307,36.7237,36.7139,900,1100
24.06.2024 06:00:00.063,36.7247,36.7134,1100,1100
24.06.2024 06:00:17.266,36.7234,36.7114,1400,700
24.06.2024 06:00:17.467,36.7233,36.7121,900,1100
24.06.2024 06:00:24.115,36.724,36.713300000000004,1300,800
24.06.2024 06:00:33.240,36.7249,36.714800000000004,1000,1400
24.06.2024 06:00:33.491,36.7246,36.714000000000006,1600,1300
24.06.2024 06:00:36.650,36.724399999999996,36.715,1500,700
24.06.2024 06:00:42.664,36.7231,36.7134,1500,1100
24.06.2024 06:00:43.818,36.723,36.7127,700,1200
24.06.2024 06:00:47.575,36.724,36.7134,1300,900
24.06.2024 06:00:47.676,36.7257,36.7143,1300,1100
24.06.2024 06:00:50.689,36.7287,36.716300000000004,800,900
24.06.2024 06:00:50.740,36.729800000000004,36.7173,500,700
24.06.2024 06:01:01.822,36.7292,36.7181,500,1400
24.06.2024 06:01:01.923,36.7308,36.7203,1200,1300
24.06.2024 06:01:02.224,36.732000000000006,36.7204,1400,800
24.06.2024 06:01:03.580,36.729,36.7173,700,1500
24.06.2024 06:01:07.041,36.7289,36.716100000000004,600,1200
24.06.2024 06:01:07.995,36.73180000000001,36.719800000000006,1700,1400
24.06.2024 06:01:08.096,36.7305,36.7186,1100,700
24.06.2024 06:01:20.938,36.728300000000004,36.7179,500,1000
24.06.2024 06:01:35.938,36.7279,36.717000000000006,1400,700
24.06.2024 06:01:52.173,36.7289,36.7187,1300,1000
24.06.2024 06:02:00.227,36.7276,36.7162,900,1200
24.06.2024 06:02:11.262,36.7308,36.7189,700,1400
24.06.2024 06:02:20.991,36.7291,36.718399999999995,500,700
24.06.2024 06:02:21.493,36.7291,36.7179,1400,1300
24.06.2024 06:02:22.497,36.7294,36.717999999999996,800,1500
24.06.2024 06:02:22.899,36.7291,36.718,1100,1400
24.06.2024 06:02:23.501,36.729600000000005,36.718199999999996,800,1000
24.06.2024 06:02:23.903,36.7297,36.7172,1200,1700
24.06.2024 06:02:33.910,36.7299,36.718199999999996,1600,700
24.06.2024 06:02:48.205,36.729600000000005,36.71960000000001,800,400
24.06.2024 06:02:48.607,36.7294,36.7181,1100,1400
24.06.2024 06:02:48.708,36.7292,36.719300000000004,1000,1100
24.06.2024 06:02:48.909,36.7297,36.7185,800,1000
24.06.2024 06:02:49.061,36.729800000000004,36.719500000000004,800,400
24.06.2024 06:02:52.522,36.7307,36.7192,1200,600
24.06.2024 06:02:57.938,36.7295,36.7192,1100,1100
24.06.2024 06:02:58.189,36.730399999999996,36.71960000000001,1400,1100
24.06.2024 06:02:58.842,36.7294,36.719800000000006,1100,1000
24.06.2024 06:02:58.943,36.730399999999996,36.7197,1500,1200
24.06.2024 06:02:59.947,36.729600000000005,36.7187,1000,1400
24.06.2024 06:03:00.198,36.729600000000005,36.719500000000004,1000,1600
24.06.2024 06:03:00.901,36.730000000000004,36.7175,1000,1100
24.06.2024 06:03:01.904,36.7291,36.7185,1500,1100
24.06.2024 06:03:02.005,36.730199999999996,36.7205,800,700
24.06.2024 06:03:44.195,36.731,36.7217,1400,1200
24.06.2024 06:03:54.176,36.7309,36.72,1500,1200
24.06.2024 06:04:04.905,36.7333,36.7233,1500,900
24.06.2024 06:04:05.006,36.7332,36.721199999999996,1100,700
24.06.2024 06:04:34.357,36.7338,36.720600000000005,1400,800
24.06.2024 06:04:40.129,36.7309,36.7177,1100,1500
24.06.2024 06:04:47.847,36.7312,36.7199,1100,800
24.06.2024 06:06:02.943,36.7308,36.7181,1000,1200
24.06.2024 06:06:05.701,36.7321,36.7207,1000,1200
24.06.2024 06:07:32.546,36.7306,36.717,500,1200
24.06.2024 06:07:39.654,36.72860000000001,36.716800000000006,1200,5349.9998
24.06.2024 06:07:40.408,36.7264,36.7142,1300,1500
24.06.2024 06:07:40.509,36.7269,36.7158,700,1200
24.06.2024 06:07:43.669,36.725500000000004,36.7144,900,1300
24.06.2024 06:07:44.221,36.7271,36.716800000000006,400,900
24.06.2024 06:08:01.618,36.7277,36.7175,400,700
24.06.2024 06:08:15.179,36.7297,36.7192,1200,1400
24.06.2024 06:10:22.454,36.731,36.7207,800,1300
24.06.2024 06:10:22.756,36.7314,36.7216,900,600
24.06.2024 06:10:30.925,36.7309,36.7207,800,800
24.06.2024 06:10:31.027,36.731700000000004,36.7218,1400,1300
24.06.2024 06:10:40.746,36.7305,36.721000000000004,1400,1000
24.06.2024 06:10:42.856,36.7314,36.7211,1400,1000
24.06.2024 06:10:54.992,36.7307,36.720800000000004,1600,1200
24.06.2024 06:10:55.194,36.731500000000004,36.7213,1100,1700
24.06.2024 06:11:13.186,36.7305,36.7204,1300,1400
24.06.2024 06:11:13.487,36.731500000000004,36.7216,1400,700
24.06.2024 06:11:32.638,36.7321,36.7224,1000,800
24.06.2024 06:12:23.467,36.732000000000006,36.7217,800,900
24.06.2024 06:13:24.117,36.7331,36.7232,1300,1600
24.06.2024 06:13:28.478,36.734500000000004,36.7246,1600,500
24.06.2024 06:14:11.265,36.7351,36.7259,800,1300
24.06.2024 06:14:44.459,36.73460000000001,36.725,500,800
24.06.2024 06:16:12.251,36.731300000000005,36.7219,700,1200
24.06.2024 06:16:13.254,36.7349,36.7243,1000,1400
24.06.2024 06:16:14.006,36.7357,36.7254,1820.0001,1200
24.06.2024 06:16:14.558,36.7355,36.7254,1400,1000
24.06.2024 06:16:14.959,36.7357,36.7257,1420.0001,700
24.06.2024 06:16:15.059,36.735600000000005,36.7257,1000,1100
24.06.2024 06:16:58.975,36.73460000000001,36.724199999999996,1000,1200
24.06.2024 06:17:29.554,36.7366,36.7269,1400,1400
24.06.2024 06:17:57.626,36.7359,36.72580000000001,1600,1000
24.06.2024 06:17:58.779,36.735800000000005,36.7254,1220.0001,1000
24.06.2024 06:17:59.935,36.7353,36.7254,1100,600
24.06.2024 06:18:51.266,36.734300000000005,36.7248,1100,1300
24.06.2024 06:19:01.288,36.735800000000005,36.72580000000001,1300,1100
24.06.2024 06:20:08.958,36.734700000000004,36.7245,1200,1200
24.06.2024 06:20:15.169,36.7325,36.7222,1000,1000
24.06.2024 06:20:25.692,36.7331,36.7231,1200,1300
24.06.2024 06:20:31.454,36.7331,36.7231,820.0001,800
24.06.2024 06:20:31.505,36.7292,36.7192,1100,1300
24.06.2024 06:20:41.615,36.7309,36.72,800,700
24.06.2024 06:21:10.291,36.731,36.7218,1500,800
24.06.2024 06:21:12.849,36.732600000000005,36.722300000000004,1000,600
24.06.2024 06:21:17.260,36.7332,36.7234,1500,1500
24.06.2024 06:21:45.927,36.73480000000001,36.723800000000004,1200,700
24.06.2024 06:21:54.906,36.7352,36.726000000000006,900,500
24.06.2024 06:22:02.426,36.7366,36.72580000000001,1020.0001,500
24.06.2024 06:22:03.881,36.7372,36.7263,1420.0001,1300
24.06.2024 06:22:03.931,36.7368,36.7254,1220.0001,800
24.06.2024 06:22:08.893,36.73780000000001,36.7263,820.0001,1100
24.06.2024 06:22:21.000,36.7382,36.7275,1020.0001,1200
24.06.2024 06:22:55.138,36.7385,36.7273,1600,800
24.06.2024 06:23:03.207,36.737,36.726600000000005,1600,700
24.06.2024 06:23:17.340,36.738800000000005,36.727399999999996,1200,600
24.06.2024 06:23:17.441,36.74,36.7287,1000,500
24.06.2024 06:23:24.298,36.7379,36.7276,800,1600
24.06.2024 06:23:29.568,36.7342,36.724199999999996,1200,900
24.06.2024 06:23:30.772,36.7355,36.7259,1500,1300
24.06.2024 06:23:41.911,36.734100000000005,36.7248,1400,1400
24.06.2024 06:23:45.118,36.7352,36.726000000000006,1600,800
24.06.2024 06:23:56.293,36.734700000000004,36.7245,1200,800
24.06.2024 06:24:57.443,36.7352,36.7257,1500,800
24.06.2024 06:25:47.574,36.734700000000004,36.724399999999996,900,1600
24.06.2024 06:25:54.174,36.7354,36.725100000000005,700,900
24.06.2024 06:25:56.130,36.73500000000001,36.7243,1000,800
24.06.2024 06:26:19.186,36.7331,36.724000000000004,900,900
24.06.2024 06:26:20.241,36.7335,36.720800000000004,1600,1300
24.06.2024 06:26:20.945,36.7294,36.71660000000001,900,900
24.06.2024 06:26:21.648,36.7279,36.7159,1700,2350
24.06.2024 06:26:22.704,36.7262,36.7141,1000,1500
24.06.2024 06:26:26.220,36.725,36.712199999999996,1300,3650.0002
24.06.2024 06:26:26.321,36.7237,36.710800000000006,500,1500
24.06.2024 06:26:30.833,36.7237,36.7112,500,1700
24.06.2024 06:26:35.194,36.7233,36.7109,1100,2450
24.06.2024 06:26:43.769,36.723800000000004,36.7115,1100,1500
24.06.2024 06:26:45.975,36.7239,36.7126,1300,1600
24.06.2024 06:27:04.590,36.7237,36.7107,800,2000
24.06.2024 06:27:19.428,36.7218,36.709199999999996,1200,1600
24.06.2024 06:27:29.661,36.7216,36.71060000000001,1300,3650.0002
24.06.2024 06:27:30.814,36.7213,36.7093,1200,1600
24.06.2024 06:27:31.165,36.7215,36.7109,900,4050.0002
24.06.2024 06:27:31.316,36.7219,36.7095,600,1600
24.06.2024 06:27:51.468,36.7217,36.7115,1300,1100
24.06.2024 06:27:58.282,36.72280000000001,36.711999999999996,900,1700
24.06.2024 06:28:38.571,36.7233,36.714000000000006,1500,900
24.06.2024 06:28:41.134,36.72280000000001,36.711999999999996,1200,900
24.06.2024 06:28:41.235,36.7235,36.713300000000004,1200,1300
24.06.2024 06:28:56.644,36.7246,36.714,1200,1100
24.06.2024 06:29:06.918,36.7231,36.713100000000004,800,1500
24.06.2024 06:29:09.626,36.7257,36.7158,900,1300
24.06.2024 06:29:19.834,36.7243,36.7143,800,1100
24.06.2024 06:29:30.406,36.72580000000001,36.7157,900,400
24.06.2024 06:30:22.826,36.727399999999996,36.7157,1300,1100
24.06.2024 06:30:24.783,36.7254,36.715199999999996,1500,900
24.06.2024 06:30:54.937,36.725100000000005,36.715199999999996,1820.0001,600
24.06.2024 06:30:59.698,36.725100000000005,36.714999999999996,1700,700
24.06.2024 06:31:00.754,36.7259,36.714999999999996,1520.0001,800
24.06.2024 06:31:01.205,36.725500000000004,36.715199999999996,1200,900
24.06.2024 06:31:05.766,36.725500000000004,36.715399999999995,820.0001,500
24.06.2024 06:31:05.817,36.7259,36.7157,1100,600
24.06.2024 06:31:15.647,36.7247,36.7149,900,1400
24.06.2024 06:31:19.407,36.722100000000005,36.7129,1400,1700
24.06.2024 06:31:20.669,36.7243,36.713300000000004,1500,700
24.06.2024 06:31:26.080,36.7264,36.7151,920.0001,800
24.06.2024 06:31:26.131,36.7262,36.7159,1120.0001,1000
24.06.2024 06:31:39.903,36.7267,36.7157,1720.0001,400
24.06.2024 06:31:53.588,36.728100000000005,36.7187,1320.0001,900
24.06.2024 06:31:53.638,36.726800000000004,36.716100000000004,1520.0001,700
24.06.2024 06:31:53.689,36.727000000000004,36.7164,900,1200
24.06.2024 06:31:56.449,36.725300000000004,36.715199999999996,800,1200
24.06.2024 06:31:56.651,36.727,36.7172,1620.0001,700
24.06.2024 06:31:56.702,36.727199999999996,36.7179,800,1100
24.06.2024 06:32:11.774,36.728100000000005,36.718199999999996,800,1100
24.06.2024 06:32:20.751,36.7297,36.7187,1600,1600
24.06.2024 06:32:27.975,36.7327,36.7217,820.0001,1000
24.06.2024 06:32:28.076,36.7321,36.7218,1600,900
24.06.2024 06:32:28.127,36.7339,36.7239,1300,900
24.06.2024 06:32:31.335,36.732800000000005,36.723000000000006,1400,1300
24.06.2024 06:32:31.937,36.7327,36.7227,1120.0001,1400
24.06.2024 06:32:38.450,36.7306,36.7209,900,1500
24.06.2024 06:32:51.266,36.731100000000005,36.721399999999996,1500,1000
24.06.2024 06:33:02.196,36.7335,36.7239,900,1000
24.06.2024 06:33:02.849,36.734300000000005,36.725,1200,800
24.06.2024 06:33:21.943,36.7338,36.7232,1100,1200
24.06.2024 06:33:22.195,36.732000000000006,36.7218,1600,700
24.06.2024 06:33:29.324,36.732600000000005,36.7229,1200,1400
24.06.2024 06:33:51.834,36.734100000000005,36.724000000000004,1300,500
24.06.2024 06:34:04.062,36.7357,36.724199999999996,920.0001,500
24.06.2024 06:34:20.175,36.73460000000001,36.7247,1500,600
24.06.2024 06:34:25.948,36.7354,36.725500000000004,1300,600
24.06.2024 06:34:38.174,36.734700000000004,36.724399999999996,1300,700
24.06.2024 06:34:44.889,36.7321,36.722,900,1400
24.06.2024 06:34:45.140,36.733399999999996,36.7235,1500,1600
24.06.2024 06:34:50.732,36.731500000000004,36.7215,1700,1400
24.06.2024 06:35:27.410,36.7293,36.71960000000001,1300,1300
24.06.2024 06:35:27.561,36.728300000000004,36.7186,800,900
24.06.2024 06:35:51.521,36.7279,36.7175,1700,1200
24.06.2024 06:37:27.461,36.728300000000004,36.7187,400,1000
24.06.2024 06:37:28.013,36.727399999999996,36.717800000000004,1000,1000
24.06.2024 06:38:07.074,36.7284,36.717999999999996,600,1100
24.06.2024 06:38:25.975,36.7287,36.7159,1400,2700
24.06.2024 06:38:26.026,36.7262,36.714,1200,3650.0002
24.06.2024 06:38:26.278,36.7264,36.713300000000004,1200,1700
24.06.2024 06:38:27.231,36.728,36.7141,1300,1400
24.06.2024 06:38:29.587,36.7269,36.7132,1100,1500
24.06.2024 06:38:30.139,36.7264,36.714600000000004,1400,4050.0002
24.06.2024 06:38:30.289,36.7267,36.7135,900,1600
24.06.2024 06:39:00.081,36.7252,36.7128,1200,1400
24.06.2024 06:39:02.239,36.7262,36.713300000000004,1400,1100
24.06.2024 06:39:13.044,36.7275,36.7144,1400,700
24.06.2024 06:39:13.148,36.7254,36.7139,400,1800
24.06.2024 06:39:13.198,36.727199999999996,36.7145,1400,1300
24.06.2024 06:40:07.711,36.7295,36.7174,700,1300
24.06.2024 06:40:07.762,36.731300000000005,36.718199999999996,900,800
24.06.2024 06:40:07.913,36.7308,36.7177,1000,800
24.06.2024 06:40:08.265,36.7297,36.7167,600,1200
24.06.2024 06:40:14.081,36.7305,36.7179,1000,900
24.06.2024 06:40:17.389,36.7292,36.71660000000001,800,1400
24.06.2024 06:40:17.840,36.7306,36.7173,1400,1200
24.06.2024 06:40:21.700,36.7309,36.7183,1100,1000
24.06.2024 06:41:00.749,36.7327,36.7209,1500,1000
24.06.2024 06:41:02.004,36.7339,36.7216,800,1000
24.06.2024 06:41:02.205,36.7329,36.7203,1000,1300
24.06.2024 06:41:06.069,36.734,36.722500000000004,1200,1100
24.06.2024 06:41:06.220,36.734500000000004,36.723600000000005,1100,1100
24.06.2024 06:41:10.130,36.7335,36.7229,900,1100
24.06.2024 06:41:12.523,36.73460000000001,36.7248,1100,1200
24.06.2024 06:41:17.689,36.733399999999996,36.7239,500,1000
24.06.2024 06:41:34.336,36.734,36.724199999999996,800,1000
24.06.2024 06:41:38.247,36.7357,36.725300000000004,1200,1100
24.06.2024 06:41:39.199,36.733399999999996,36.7239,800,1300
24.06.2024 06:41:39.752,36.734700000000004,36.7248,1200,900
24.06.2024 06:41:40.605,36.7368,36.7262,900,600
24.06.2024 06:42:24.957,36.737700000000004,36.7271,1300,1200
24.06.2024 06:42:49.516,36.736,36.7265,500,1000
24.06.2024 06:42:50.222,36.7374,36.7271,700,1400
24.06.2024 06:42:50.423,36.7361,36.7263,600,1100
24.06.2024 06:42:50.524,36.737300000000005,36.7277,1300,500
24.06.2024 06:42:50.775,36.7365,36.726800000000004,400,1300
24.06.2024 06:42:50.876,36.73780000000001,36.7275,900,700
24.06.2024 06:42:53.481,36.7365,36.727000000000004,1400,600
24.06.2024 06:43:00.449,36.7352,36.72560000000001,1000,600
24.06.2024 06:43:00.550,36.7361,36.7263,1400,1100
24.06.2024 06:43:04.264,36.7357,36.7252,1200,600
24.06.2024 06:43:09.076,36.734100000000005,36.7246,800,800
24.06.2024 06:43:14.441,36.7331,36.7231,1400,900
24.06.2024 06:43:14.542,36.7325,36.7229,1500,1700
24.06.2024 06:43:14.893,36.7337,36.722100000000005,1200,900
24.06.2024 06:43:14.994,36.7324,36.72260000000001,1000,900
24.06.2024 06:44:04.492,36.731100000000005,36.721399999999996,1000,1100
24.06.2024 06:44:43.047,36.733000000000004,36.722300000000004,900,1600
24.06.2024 06:44:43.298,36.731500000000004,36.721399999999996,1100,1000
24.06.2024 06:44:51.164,36.732,36.722500000000004,500,1600
24.06.2024 06:44:55.325,36.7314,36.7217,800,1500
24.06.2024 06:44:58.483,36.7329,36.722300000000004,1100,1500
24.06.2024 06:45:06.185,36.731500000000004,36.7216,1100,1000
24.06.2024 06:45:09.391,36.7324,36.722100000000005,1000,1500
24.06.2024 06:45:21.826,36.7335,36.723,1000,1000
24.06.2024 06:46:02.401,36.7342,36.7249,900,800
24.06.2024 06:46:09.616,36.735,36.7254,1400,900
24.06.2024 06:46:36.237,36.73760000000001,36.7264,1300,1100
24.06.2024 06:46:46.309,36.7363,36.7265,1300,1100
