Gmt time,Ask,Bid,AskVolume,BidVolume
24.06.2024 00:00:02.702,0.6529100000000001,0.6527600000000001,1200,1200
24.06.2024 00:00:03.506,0.6529,0.6527600000000001,1200,1200
24.06.2024 00:00:08.976,0.6529100000000001,0.65277,1200,1200
24.06.2024 00:00:11.236,0.65293,0.65279,1200,1200
24.06.2024 00:00:12.391,0.6529200000000001,0.65278,1200,1200
24.06.2024 00:00:15.002,0.65294,0.65279,3150.0001,1200
24.06.2024 00:00:15.253,0.6529200000000001,0.65278,1200,1200
24.06.2024 00:00:17.513,0.6529,0.65275,1200,1200
24.06.2024 00:00:20.626,0.6529100000000001,0.6527600000000001,1200,1200
24.06.2024 00:00:21.281,0.6529,0.6527600000000001,1200,1200
24.06.2024 00:00:23.188,0.6529100000000001,0.65277,1200,1200
24.06.2024 00:00:24.341,0.6529,0.65274,1200,1200
24.06.2024 00:00:31.998,0.6529100000000001,0.6527600000000001,1200,1200
24.06.2024 00:00:46.593,0.65294,0.6528,1200,1200
24.06.2024 00:00:46.694,0.65295,0.6528100000000001,1200,1200
24.06.2024 00:00:46.845,0.65297,0.65283,1200,1200
24.06.2024 00:00:49.056,0.6529600000000001,0.6528100000000001,1200,1200
24.06.2024 00:00:49.458,0.6529600000000001,0.6528200000000001,1200,1200
24.06.2024 00:00:50.161,0.65295,0.65279,1200,1200
24.06.2024 00:00:51.016,0.65295,0.65278,1200,1200
24.06.2024 00:00:53.226,0.6529200000000001,0.65278,1200,1200
24.06.2024 00:00:53.276,0.6529,0.65275,1200,1320.0001
24.06.2024 00:00:53.529,0.6529,0.65272,1200,1320.0001
24.06.2024 00:00:53.630,0.65288,0.65272,1200,5520
24.06.2024 00:00:53.731,0.65288,0.65272,1200,1320.0001
24.06.2024 00:00:56.491,0.6528700000000001,0.65272,1200,1200
24.06.2024 00:00:56.592,0.6528600000000001,0.65271,1200,1320.0001
24.06.2024 00:00:59.002,0.6528700000000001,0.65271,1200,1320.0001
24.06.2024 00:01:03.674,0.6528600000000001,0.65271,1200,1200
24.06.2024 00:01:06.283,0.65285,0.6527000000000001,1200,1200
24.06.2024 00:01:06.787,0.6528700000000001,0.6527000000000001,1200,1200
24.06.2024 00:01:07.694,0.65285,0.6527000000000001,1200,1320.0001
24.06.2024 00:01:10.403,0.65283,0.65268,1200,1320.0001
24.06.2024 00:01:10.504,0.65283,0.65268,1200,1200
24.06.2024 00:01:14.066,0.65283,0.65269,1200,1200
24.06.2024 00:01:21.292,0.65284,0.6527000000000001,1200,1200
24.06.2024 00:01:33.084,0.65283,0.65268,1200,1200
24.06.2024 00:01:33.337,0.6528200000000001,0.65267,1200,1200
24.06.2024 00:01:34.191,0.65284,0.65267,1200,1200
24.06.2024 00:01:37.518,0.6528600000000001,0.6527000000000001,1200,1200
24.06.2024 00:01:37.621,0.6528600000000001,0.65271,1200,1200
24.06.2024 00:01:40.885,0.65285,0.6527000000000001,1200,1200
24.06.2024 00:01:46.707,0.6528700000000001,0.6527000000000001,1200,1200
24.06.2024 00:01:48.766,0.65284,0.6527000000000001,1200,1200
24.06.2024 00:01:52.281,0.65284,0.65269,1200,1200
24.06.2024 00:01:53.688,0.65285,0.6527000000000001,1200,1200
24.06.2024 00:01:57.604,0.65283,0.65268,1200,1200
24.06.2024 00:01:57.755,0.65285,0.6527000000000001,1200,1200
24.06.2024 00:01:57.856,0.65285,0.65271,1200,1200
24.06.2024 00:01:59.463,0.65285,0.65268,1200,1200
24.06.2024 00:02:01.222,0.6528600000000001,0.65269,1200,1200
24.06.2024 00:02:06.491,0.65283,0.65268,1200,1200
24.06.2024 00:02:13.803,0.6528100000000001,0.65266,1200,1200
24.06.2024 00:02:13.905,0.65279,0.65264,1200,1200
24.06.2024 00:02:14.057,0.65279,0.65263,1200,1200
24.06.2024 00:02:14.258,0.65277,0.65262,1200,1200
24.06.2024 00:02:16.668,0.65275,0.6526000000000001,1200,1200
24.06.2024 00:02:19.177,0.6527600000000001,0.65261,1200,1200
24.06.2024 00:02:19.930,0.65275,0.65259,1200,1200
24.06.2024 00:02:20.533,0.6527600000000001,0.6526000000000001,1200,1200
24.06.2024 00:02:21.789,0.65278,0.65261,1200,1200
24.06.2024 00:02:22.292,0.65275,0.6526000000000001,1200,1200
24.06.2024 00:02:22.494,0.65273,0.65258,1200,1200
24.06.2024 00:02:24.152,0.65272,0.65258,1200,1200
24.06.2024 00:02:31.374,0.65273,0.65258,1200,1200
24.06.2024 00:02:31.576,0.6527600000000001,0.65259,1200,1200
24.06.2024 00:02:32.280,0.65274,0.65259,1200,1200
24.06.2024 00:02:32.382,0.65273,0.65258,1200,1200
24.06.2024 00:02:38.804,0.65273,0.65256,1200,1200
24.06.2024 00:02:38.905,0.65274,0.65259,1200,1200
24.06.2024 00:02:40.662,0.65274,0.65257,1200,1200
24.06.2024 00:02:41.265,0.65271,0.65257,1200,1200
24.06.2024 00:02:41.366,0.65273,0.65256,1200,1200
24.06.2024 00:02:46.058,0.65274,0.65259,1200,1200
24.06.2024 00:02:51.278,0.65273,0.65258,1200,1200
24.06.2024 00:02:53.185,0.65275,0.65258,1200,1200
24.06.2024 00:02:54.140,0.65275,0.6526000000000001,1200,1200
24.06.2024 00:02:54.241,0.6527600000000001,0.65261,1200,1200
24.06.2024 00:02:56.099,0.6527600000000001,0.6526000000000001,1200,1200
24.06.2024 00:03:01.369,0.6527600000000001,0.65261,1200,1200
24.06.2024 00:03:02.624,0.65275,0.65258,1200,1200
24.06.2024 00:03:03.579,0.65273,0.65259,1200,1200
24.06.2024 00:03:05.438,0.65275,0.6526000000000001,1200,1200
24.06.2024 00:03:05.539,0.65274,0.65259,1200,1200
24.06.2024 00:03:07.649,0.65272,0.65258,1200,1200
24.06.2024 00:03:08.001,0.65273,0.65258,1200,1200
24.06.2024 00:03:11.917,0.65273,0.65259,1200,1200
24.06.2024 00:03:14.732,0.65273,0.65258,1200,1200
24.06.2024 00:03:16.589,0.6527600000000001,0.65259,1200,1200
24.06.2024 00:03:16.991,0.65274,0.6526000000000001,1200,1200
24.06.2024 00:03:18.966,0.65273,0.65259,1200,1200
24.06.2024 00:03:19.117,0.65274,0.6526000000000001,1200,1200
24.06.2024 00:03:19.223,0.65275,0.65261,1200,1200
24.06.2024 00:03:19.324,0.6527600000000001,0.65262,1200,1200
24.06.2024 00:03:29.209,0.65277,0.65263,1200,1200
24.06.2024 00:03:30.215,0.65278,0.6526500000000001,1200,1200
24.06.2024 00:03:30.316,0.65278,0.65263,1200,1200
24.06.2024 00:03:42.056,0.65278,0.65264,1200,1200
24.06.2024 00:03:50.440,0.65278,0.65263,1200,1200
24.06.2024 00:04:01.352,0.65278,0.65262,1200,1200
24.06.2024 00:04:01.605,0.65275,0.65262,1200,1200
24.06.2024 00:04:01.706,0.65275,0.6526000000000001,1200,1200
24.06.2024 00:04:04.012,0.6527600000000001,0.65263,1200,1200
24.06.2024 00:04:09.727,0.65277,0.65264,1200,1200
24.06.2024 00:04:10.381,0.65279,0.65264,1200,1200
24.06.2024 00:04:10.684,0.65279,0.6526500000000001,1200,1200
24.06.2024 00:04:15.195,0.6528,0.65266,1200,1200
24.06.2024 00:04:16.550,0.65279,0.65266,1200,1200
24.06.2024 00:04:16.953,0.65278,0.65264,1200,1200
24.06.2024 00:04:23.023,0.65277,0.65263,1200,1200
24.06.2024 00:04:28.144,0.65278,0.65264,1200,1200
24.06.2024 00:04:28.245,0.6528,0.65266,1200,1200
24.06.2024 00:04:32.513,0.65279,0.6526500000000001,1200,1200
24.06.2024 00:05:01.067,0.6528100000000001,0.65267,1200,1200
24.06.2024 00:05:01.670,0.6528200000000001,0.65267,1200,1200
24.06.2024 00:05:04.984,0.6528100000000001,0.6526500000000001,1200,1200
24.06.2024 00:05:15.582,0.65279,0.6526500000000001,1200,1200
24.06.2024 00:05:40.817,0.6528,0.65266,1200,1200
24.06.2024 00:05:41.621,0.6528200000000001,0.65266,1200,1200
24.06.2024 00:05:42.777,0.6528,0.65266,1200,1200
24.06.2024 00:05:57.972,0.65278,0.65264,1200,1200
24.06.2024 00:06:01.293,0.65277,0.65263,1200,1200
24.06.2024 00:06:11.273,0.65278,0.65263,1200,1200
24.06.2024 00:06:15.437,0.6527600000000001,0.65262,1200,1200
24.06.2024 00:06:31.292,0.65278,0.65262,1200,1200
24.06.2024 00:06:52.231,0.65278,0.65263,1200,1200
24.06.2024 00:06:56.146,0.65278,0.65264,1200,1200
24.06.2024 00:07:01.666,0.65279,0.6526500000000001,1200,1200
24.06.2024 00:07:01.867,0.6528,0.65266,1200,1200
24.06.2024 00:07:03.124,0.65279,0.6526500000000001,1200,1200
24.06.2024 00:07:12.307,0.65278,0.65264,1200,1200
24.06.2024 00:07:16.223,0.65279,0.6526500000000001,1200,1200
24.06.2024 00:07:21.293,0.6528100000000001,0.6526500000000001,1200,1200
24.06.2024 00:07:31.681,0.6528,0.6526500000000001,3150.0001,1200
24.06.2024 00:07:33.237,0.65278,0.65264,1200,1200
24.06.2024 00:07:33.338,0.65278,0.65262,1200,1200
24.06.2024 00:07:46.843,0.65277,0.65264,1200,1200
24.06.2024 00:08:01.604,0.65277,0.65263,1200,1200
24.06.2024 00:08:16.326,0.65278,0.65264,1200,1200
24.06.2024 00:08:19.991,0.65279,0.6526500000000001,1200,1200
24.06.2024 00:08:20.244,0.6528,0.65266,1320.0001,1200
24.06.2024 00:08:28.569,0.65279,0.6526500000000001,1200,1200
24.06.2024 00:08:30.426,0.65278,0.65264,2250,1200
24.06.2024 00:08:31.229,0.65278,0.6526500000000001,2250,1200
24.06.2024 00:08:31.380,0.65278,0.65264,3150.0001,1200
24.06.2024 00:08:38.955,0.65277,0.65263,1200,1200
24.06.2024 00:09:03.433,0.65278,0.65264,1200,1200
24.06.2024 00:09:07.284,0.65279,0.6526500000000001,1200,1200
24.06.2024 00:09:07.436,0.6528,0.65266,1200,1200
24.06.2024 00:09:07.537,0.6528100000000001,0.65267,1200,1200
24.06.2024 00:09:08.090,0.6528,0.65266,1200,1200
24.06.2024 00:09:15.217,0.6528100000000001,0.65267,1200,1200
24.06.2024 00:09:21.637,0.6528,0.65266,1200,1200
24.06.2024 00:09:26.253,0.6528100000000001,0.65268,1200,1200
24.06.2024 00:09:40.351,0.65284,0.65268,1200,1200
24.06.2024 00:09:40.552,0.6528200000000001,0.65268,1200,1200
24.06.2024 00:09:40.754,0.6528100000000001,0.65266,1200,1200
24.06.2024 00:09:50.192,0.65279,0.6526500000000001,1200,1200
24.06.2024 00:09:58.223,0.6528,0.65266,1200,1200
24.06.2024 00:09:58.927,0.65279,0.6526500000000001,1200,1200
24.06.2024 00:10:01.488,0.65278,0.65264,1200,1200
24.06.2024 00:10:11.480,0.65277,0.65264,1200,1200
24.06.2024 00:10:20.812,0.65277,0.65263,1200,1200
24.06.2024 00:10:20.863,0.65274,0.65258,1200,1200
24.06.2024 00:10:20.964,0.65272,0.65258,1200,1200
24.06.2024 00:10:30.199,0.65273,0.6526000000000001,1200,1200
24.06.2024 00:10:30.300,0.65274,0.65261,1200,1200
24.06.2024 00:10:31.255,0.65274,0.6526000000000001,1200,1200
24.06.2024 00:10:36.975,0.65273,0.65259,1200,1200
24.06.2024 00:10:37.176,0.65272,0.65258,1200,1200
24.06.2024 00:10:37.730,0.6527000000000001,0.65256,1200,1200
24.06.2024 00:10:52.215,0.65273,0.65256,1200,1200
24.06.2024 00:10:52.316,0.65274,0.65259,3150.0001,1200
24.06.2024 00:10:56.483,0.65273,0.65258,1200,1200
24.06.2024 00:11:06.623,0.65274,0.65259,3150.0001,1200
24.06.2024 00:11:07.026,0.65275,0.65261,1200,1200
24.06.2024 00:11:09.589,0.6527600000000001,0.65262,1200,1200
24.06.2024 00:11:31.256,0.65278,0.65262,3150.0001,1200
24.06.2024 00:11:51.368,0.6527600000000001,0.65263,1200,1200
24.06.2024 00:11:54.225,0.65277,0.6526000000000001,1200,1200
24.06.2024 00:11:56.234,0.65274,0.6526000000000001,1200,1200
24.06.2024 00:12:09.330,0.6527600000000001,0.65261,1200,1200
24.06.2024 00:12:13.398,0.65274,0.65261,1200,1200
24.06.2024 00:12:30.386,0.65274,0.6526000000000001,1200,1200
24.06.2024 00:12:32.896,0.65273,0.65259,1200,1200
24.06.2024 00:12:53.566,0.65274,0.6526000000000001,1200,1200
24.06.2024 00:12:58.534,0.65272,0.65258,1200,1200
24.06.2024 00:12:59.087,0.65273,0.65259,1200,1200
24.06.2024 00:13:00.544,0.65272,0.65258,1200,1200
24.06.2024 00:13:00.896,0.65271,0.65258,2250,1200
24.06.2024 00:13:00.997,0.65272,0.65258,3150.0001,1200
24.06.2024 00:13:02.103,0.65271,0.65257,1200,1200
24.06.2024 00:13:02.906,0.65272,0.65258,1200,1200
24.06.2024 00:13:12.422,0.65271,0.65258,1350,1200
24.06.2024 00:13:12.523,0.65272,0.65258,1200,1200
24.06.2024 00:13:13.376,0.65273,0.65257,2160.0001,1200
24.06.2024 00:13:13.627,0.65272,0.65258,1620,1200
24.06.2024 00:13:17.340,0.65271,0.65258,1350,1200
24.06.2024 00:13:17.441,0.65271,0.6525500000000001,1200,1200
24.06.2024 00:13:20.254,0.6527000000000001,0.65257,1200,1200
24.06.2024 00:13:30.441,0.65272,0.65256,5400.0001,1200
24.06.2024 00:13:35.809,0.6527000000000001,0.65256,1200,1200
24.06.2024 00:13:42.888,0.65271,0.65256,1200,1200
24.06.2024 00:13:50.516,0.65271,0.65254,5400.0001,1200
24.06.2024 00:13:50.617,0.65269,0.65254,1320.0001,1200
24.06.2024 00:13:50.818,0.65269,0.65253,4500,1200
24.06.2024 00:13:51.120,0.65269,0.65254,5489.9998,1200
24.06.2024 00:13:52.173,0.65269,0.65256,4500,1200
24.06.2024 00:13:52.274,0.6527000000000001,0.65256,5489.9998,1200
24.06.2024 00:13:52.676,0.6527000000000001,0.65257,4500,1200
24.06.2024 00:13:52.827,0.65271,0.65257,2250,1200
24.06.2024 00:13:53.028,0.6527000000000001,0.65257,2250,1200
24.06.2024 00:13:53.380,0.65272,0.65256,1350,1200
24.06.2024 00:13:53.531,0.6527000000000001,0.65257,1350,1200
24.06.2024 00:13:53.932,0.65271,0.65257,1350,1200
24.06.2024 00:13:56.522,0.65271,0.65256,4500,1200
24.06.2024 00:13:59.381,0.65272,0.65256,4590.0002,1200
24.06.2024 00:14:02.596,0.65272,0.65257,4590.0002,1200
24.06.2024 00:14:05.908,0.65271,0.65259,4500,1200
24.06.2024 00:14:06.012,0.65275,0.65259,2339.9999,1200
24.06.2024 00:14:06.164,0.6527600000000001,0.65259,3150.0001,1200
24.06.2024 00:14:06.416,0.65277,0.65261,3150.0001,1200
24.06.2024 00:14:06.517,0.65274,0.65259,3150.0001,1200
24.06.2024 00:14:06.819,0.65273,0.65259,2250,1200
24.06.2024 00:14:07.423,0.65274,0.65259,5400.0001,1200
24.06.2024 00:14:11.288,0.65272,0.65259,1200,1200
24.06.2024 00:14:11.740,0.6527600000000001,0.6526000000000001,3150.0001,1200
24.06.2024 00:14:14.302,0.65275,0.65262,1200,1200
24.06.2024 00:14:26.045,0.6527600000000001,0.65259,5400.0001,1200
24.06.2024 00:14:26.498,0.65274,0.6526000000000001,4500,1200
24.06.2024 00:14:27.404,0.65273,0.65259,1200,1200
24.06.2024 00:14:38.201,0.65272,0.65258,1200,1200
24.06.2024 00:14:45.975,0.65273,0.65259,1200,1200
24.06.2024 00:14:46.126,0.65273,0.65257,1200,1200
24.06.2024 00:14:47.432,0.65271,0.65258,4500,1200
24.06.2024 00:14:47.734,0.65272,0.65258,3150.0001,1200
24.06.2024 00:14:51.698,0.65272,0.65256,1200,1200
24.06.2024 00:14:51.849,0.65273,0.65257,1200,1200
24.06.2024 00:14:52.352,0.65274,0.65258,1200,1200
24.06.2024 00:14:58.222,0.65274,0.6526000000000001,5400.0001,1200
24.06.2024 00:15:01.286,0.6527600000000001,0.65259,1200,1200
24.06.2024 00:15:07.957,0.65277,0.65262,3240,1200
24.06.2024 00:15:13.732,0.65278,0.65262,1200,1200
24.06.2024 00:15:14.033,0.65277,0.65262,2250,1200
24.06.2024 00:15:14.335,0.65278,0.65262,1200,1200
24.06.2024 00:15:15.441,0.65278,0.65261,2250,1200
24.06.2024 00:15:18.726,0.65278,0.65262,3150.0001,1200
24.06.2024 00:15:25.398,0.65279,0.65263,3240,1200
24.06.2024 00:15:30.112,0.65278,0.65261,3150.0001,1200
24.06.2024 00:15:30.565,0.6528,0.65263,2250,1200
24.06.2024 00:15:30.868,0.65278,0.65264,2250,1200
24.06.2024 00:15:31.320,0.65279,0.65264,2250,1200
24.06.2024 00:15:31.972,0.65278,0.65264,3150.0001,1200
24.06.2024 00:15:40.407,0.65277,0.65263,1200,1200
24.06.2024 00:15:42.767,0.65275,0.65262,1200,1200
24.06.2024 00:15:43.070,0.65275,0.6526000000000001,1200,1200
24.06.2024 00:15:58.707,0.6527600000000001,0.65261,1200,1200
24.06.2024 00:15:59.260,0.65273,0.65258,1200,1200
24.06.2024 00:16:00.315,0.65272,0.65257,1200,1200
24.06.2024 00:16:03.932,0.65271,0.65256,1200,1200
24.06.2024 00:16:12.721,0.65272,0.65257,1200,1200
24.06.2024 00:16:15.735,0.65274,0.6526000000000001,1200,1200
24.06.2024 00:16:16.289,0.65273,0.65258,1200,1200
24.06.2024 00:16:16.943,0.65274,0.65259,1200,1200
24.06.2024 00:16:24.524,0.65275,0.6526000000000001,1200,1200
24.06.2024 00:16:31.250,0.6527600000000001,0.65261,1200,1200
24.06.2024 00:16:34.461,0.65277,0.65263,1200,1200
24.06.2024 00:16:41.939,0.65278,0.65263,1200,1200
24.06.2024 00:16:42.946,0.6527600000000001,0.65263,1200,1200
24.06.2024 00:17:11.253,0.6527600000000001,0.65261,1200,1200
24.06.2024 00:17:16.571,0.6527600000000001,0.65262,1200,1200
24.06.2024 00:17:27.031,0.65277,0.65263,3150.0001,1200
24.06.2024 00:17:50.967,0.65277,0.65262,1200,1200
24.06.2024 00:17:55.935,0.65275,0.6526000000000001,1200,1200
24.06.2024 00:17:56.086,0.65274,0.65259,1200,1200
24.06.2024 00:18:06.072,0.65273,0.6526000000000001,1200,1200
24.06.2024 00:18:28.711,0.6527600000000001,0.65261,1200,1200
24.06.2024 00:18:29.514,0.65274,0.6526000000000001,1200,1200
24.06.2024 00:18:31.271,0.6527600000000001,0.6526000000000001,3150.0001,1200
24.06.2024 00:18:37.543,0.65274,0.6526000000000001,1200,1200
24.06.2024 00:18:42.210,0.6527600000000001,0.65259,1200,1200
24.06.2024 00:18:44.771,0.65274,0.65259,1200,1200
24.06.2024 00:18:47.984,0.65275,0.6526000000000001,2250,1200
24.06.2024 00:18:59.665,0.65275,0.65259,2250,1200
24.06.2024 00:19:00.318,0.65274,0.65259,2700,1200
24.06.2024 00:19:00.419,0.65275,0.65259,3599.9999,1200
24.06.2024 00:19:00.770,0.65274,0.65259,1350,1200
24.06.2024 00:19:01.072,0.65274,0.65258,1350,1200
24.06.2024 00:19:01.603,0.65274,0.65259,3150.0001,1200
24.06.2024 00:19:18.868,0.65273,0.65256,1200,1200
24.06.2024 00:19:38.282,0.65271,0.65257,2250,1200
24.06.2024 00:19:38.383,0.65272,0.65257,3150.0001,1200
24.06.2024 00:19:50.698,0.65271,0.65257,2700,1200
24.06.2024 00:19:56.019,0.65272,0.65257,3599.9999,1200
24.06.2024 00:20:01.491,0.65273,0.65258,5400.0001,1200
24.06.2024 00:20:05.655,0.65273,0.65256,1200,1200
24.06.2024 00:20:05.756,0.65269,0.65254,3150.0001,1200
24.06.2024 00:20:05.907,0.65267,0.65253,1200,1200
24.06.2024 00:20:11.275,0.65266,0.65252,1200,1200
24.06.2024 00:20:19.253,0.65268,0.65254,1200,1200
24.06.2024 00:20:29.447,0.65266,0.65252,1200,1200
24.06.2024 00:20:34.866,0.65268,0.65253,5400.0001,1200
24.06.2024 00:20:36.324,0.65267,0.65253,4500,1200
24.06.2024 00:20:36.625,0.65268,0.65253,5400.0001,1200
24.06.2024 00:20:38.532,0.65267,0.65253,4500,1200
24.06.2024 00:20:38.684,0.65268,0.65253,3150.0001,1200
24.06.2024 00:20:43.181,0.65268,0.65254,1200,1200
24.06.2024 00:20:59.337,0.65267,0.65254,1200,1200
24.06.2024 00:21:00.945,0.65266,0.65252,1200,1200
24.06.2024 00:21:10.381,0.6526500000000001,0.65252,1200,1200
24.06.2024 00:21:11.284,0.6526500000000001,0.65251,1200,1200
24.06.2024 00:21:12.289,0.65264,0.65249,1200,1200
24.06.2024 00:21:31.251,0.65264,0.6525000000000001,1200,1200
24.06.2024 00:22:00.345,0.6526500000000001,0.65251,1200,1200
24.06.2024 00:22:04.210,0.65267,0.65252,5400.0001,1200
24.06.2024 00:22:04.311,0.65268,0.65252,1200,1200
24.06.2024 00:22:04.563,0.65266,0.65252,1200,1200
24.06.2024 00:22:10.385,0.65266,0.65251,1200,1200
24.06.2024 00:22:11.289,0.65267,0.65251,1200,1200
24.06.2024 00:22:19.071,0.65266,0.65253,1200,1200
24.06.2024 00:22:30.187,0.65267,0.65253,1200,1200
24.06.2024 00:22:41.267,0.65268,0.65253,1200,1200
24.06.2024 00:22:41.469,0.65267,0.65252,1200,1200
24.06.2024 00:22:41.620,0.65267,0.65251,1200,1200
24.06.2024 00:22:47.893,0.6527000000000001,0.65253,4500,1200
24.06.2024 00:22:50.703,0.65271,0.65256,4619.9999,1200
24.06.2024 00:22:50.753,0.65272,0.65256,5489.9998,1200
24.06.2024 00:22:51.207,0.65273,0.65256,4590.0002,1200
24.06.2024 00:22:51.558,0.65271,0.65257,4500,1200
24.06.2024 00:22:52.311,0.65272,0.65257,2339.9999,1200
24.06.2024 00:22:57.979,0.65271,0.65257,2250,1200
24.06.2024 00:22:59.134,0.65272,0.65257,2339.9999,1200
24.06.2024 00:23:01.744,0.65272,0.65256,1350,1200
24.06.2024 00:23:02.095,0.65273,0.65256,1440.0001,1200
24.06.2024 00:23:03.501,0.65271,0.65257,2250,1200
24.06.2024 00:23:04.354,0.65272,0.65257,2339.9999,1200
24.06.2024 00:23:04.906,0.65271,0.65257,1350,1200
24.06.2024 00:23:05.159,0.65273,0.65257,3720,1200
24.06.2024 00:23:06.290,0.65273,0.65257,3240,1200
24.06.2024 00:23:06.491,0.65273,0.65258,2339.9999,1200
24.06.2024 00:23:06.794,0.65273,0.65257,2250,1200
24.06.2024 00:23:07.096,0.65273,0.65258,2339.9999,1200
24.06.2024 00:23:08.801,0.65272,0.65258,4500,1200
24.06.2024 00:23:09.353,0.65273,0.65258,2339.9999,1200
24.06.2024 00:23:09.905,0.65273,0.65257,4500,1200
24.06.2024 00:23:10.858,0.65273,0.65258,2339.9999,1200
24.06.2024 00:23:10.909,0.65271,0.65258,2250,1200
24.06.2024 00:23:11.110,0.65272,0.65258,2339.9999,1200
24.06.2024 00:23:17.931,0.65272,0.65257,4590.0002,1200
24.06.2024 00:23:18.233,0.65271,0.65257,4500,1200
24.06.2024 00:23:22.947,0.65271,0.65256,4500,1200
24.06.2024 00:23:23.951,0.65272,0.65256,4500,1200
24.06.2024 00:23:24.455,0.65271,0.65256,4500,1200
24.06.2024 00:23:24.706,0.65273,0.6525500000000001,4500,1200
24.06.2024 00:23:24.908,0.65274,0.6525500000000001,5489.9998,1200
24.06.2024 00:23:34.796,0.65273,0.65257,5400.0001,1200
24.06.2024 00:23:36.654,0.6527600000000001,0.65259,1200,1200
24.06.2024 00:23:43.130,0.6527600000000001,0.65261,2250,1200
24.06.2024 00:23:43.782,0.65277,0.65261,3150.0001,1200
24.06.2024 00:23:47.795,0.6527600000000001,0.6526000000000001,1200,1200
24.06.2024 00:24:20.621,0.6527600000000001,0.65259,1200,1200
24.06.2024 00:24:20.772,0.65275,0.65259,3150.0001,1320.0001
24.06.2024 00:24:20.974,0.65274,0.65259,2250,1320.0001
24.06.2024 00:24:21.075,0.65275,0.65259,1200,1320.0001
24.06.2024 00:24:28.101,0.65274,0.65259,4500,1200
24.06.2024 00:24:29.557,0.65275,0.65259,5400.0001,1200
24.06.2024 00:24:29.708,0.6527600000000001,0.6526000000000001,5489.9998,1200
24.06.2024 00:24:33.171,0.65277,0.65262,1320.0001,1200
24.06.2024 00:24:47.859,0.65278,0.65263,1200,1200
24.06.2024 00:24:48.311,0.6528,0.65264,2250,1200
24.06.2024 00:24:48.412,0.6528,0.6526500000000001,5489.9998,1200
24.06.2024 00:24:48.664,0.65279,0.6526500000000001,4500,1200
24.06.2024 00:24:54.384,0.65279,0.65264,5489.9998,1200
24.06.2024 00:24:54.490,0.65278,0.65264,2250,1200
24.06.2024 00:24:54.992,0.65279,0.65264,3240,1200
24.06.2024 00:24:55.945,0.65278,0.65264,2250,1200
24.06.2024 00:24:56.197,0.65279,0.65264,3150.0001,1200
24.06.2024 00:25:06.176,0.65279,0.6526500000000001,5400.0001,1200
24.06.2024 00:25:17.460,0.65279,0.65266,4500,1200
24.06.2024 00:25:22.428,0.6528,0.65266,3240,1200
24.06.2024 00:25:25.690,0.65279,0.65266,4500,1200
24.06.2024 00:25:26.343,0.6528100000000001,0.6526500000000001,3240,1200
24.06.2024 00:25:28.500,0.65279,0.65266,4500,1200
24.06.2024 00:25:39.433,0.65279,0.6526500000000001,4500,1200
24.06.2024 00:25:40.284,0.6528,0.6526500000000001,4500,1200
24.06.2024 00:25:41.337,0.65278,0.65266,4500,1200
24.06.2024 00:25:41.588,0.65279,0.65266,4500,1200
24.06.2024 00:25:46.198,0.65279,0.6526500000000001,5400.0001,1200
24.06.2024 00:25:46.403,0.6528100000000001,0.65266,1200,1200
24.06.2024 00:25:46.756,0.6528,0.6526500000000001,1200,1200
24.06.2024 00:25:48.864,0.6528200000000001,0.6526500000000001,5489.9998,1200
24.06.2024 00:25:51.172,0.6528,0.65266,4500,1200
24.06.2024 00:25:52.376,0.6528100000000001,0.65266,5489.9998,1200
24.06.2024 00:25:52.678,0.6528,0.65266,4500,1200
24.06.2024 00:25:53.480,0.6528100000000001,0.65266,3240,1200
24.06.2024 00:25:56.039,0.6528,0.65266,2250,1200
24.06.2024 00:25:56.792,0.6528100000000001,0.65266,5489.9998,1200
24.06.2024 00:25:57.093,0.6528100000000001,0.65266,5520,1200
24.06.2024 00:26:08.488,0.65279,0.6526500000000001,1200,1200
24.06.2024 00:26:08.690,0.65279,0.6526500000000001,3270,1200
24.06.2024 00:26:18.571,0.65278,0.65264,5489.9998,1200
24.06.2024 00:26:19.275,0.65277,0.65264,2250,1200
24.06.2024 00:26:19.526,0.65279,0.65263,3240,1200
24.06.2024 00:26:28.751,0.65278,0.65263,2250,1200
24.06.2024 00:26:29.252,0.65278,0.65264,3150.0001,1200
24.06.2024 00:26:33.763,0.65277,0.65264,2250,1200
24.06.2024 00:26:34.266,0.65278,0.65264,3150.0001,1200
24.06.2024 00:26:40.390,0.65279,0.65264,5400.0001,1200
24.06.2024 00:26:43.250,0.65278,0.65264,4500,1200
24.06.2024 00:26:45.609,0.65278,0.65263,5400.0001,1200
24.06.2024 00:26:49.624,0.65278,0.65262,4500,1200
24.06.2024 00:26:52.784,0.65278,0.65263,5400.0001,1200
24.06.2024 00:26:53.788,0.65277,0.65263,2250,1200
24.06.2024 00:26:58.253,0.65277,0.65264,2250,1200
24.06.2024 00:26:59.157,0.6527600000000001,0.65263,4500,1200
24.06.2024 00:26:59.408,0.65275,0.65263,4500,1200
24.06.2024 00:26:59.659,0.6527600000000001,0.65263,2250,1200
24.06.2024 00:26:59.911,0.65277,0.65263,2250,1200
24.06.2024 00:27:00.664,0.65279,0.65262,5489.9998,1200
24.06.2024 00:27:01.216,0.6527600000000001,0.65263,4500,1200
24.06.2024 00:27:01.518,0.65279,0.65262,5489.9998,1200
24.06.2024 00:27:01.669,0.6528100000000001,0.6526500000000001,5520,1200
24.06.2024 00:27:01.770,0.6528100000000001,0.65266,4619.9999,1200
24.06.2024 00:27:05.094,0.65278,0.65266,2250,1200
24.06.2024 00:27:05.246,0.6528100000000001,0.65266,2369.9999,1200
24.06.2024 00:27:06.549,0.65279,0.65266,2250,1200
24.06.2024 00:27:07.203,0.6528100000000001,0.65266,2369.9999,1200
24.06.2024 00:27:12.272,0.6528100000000001,0.65266,2250,1200
24.06.2024 00:27:13.795,0.6528,0.65266,2250,1200
24.06.2024 00:27:14.347,0.65279,0.65266,2250,1200
24.06.2024 00:27:14.700,0.6528,0.65266,2250,1200
24.06.2024 00:27:14.951,0.6528100000000001,0.65266,2339.9999,1200
24.06.2024 00:27:15.203,0.6528200000000001,0.65266,3240,1200
24.06.2024 00:27:15.454,0.6528100000000001,0.65266,4500,1200
24.06.2024 00:27:16.007,0.6528100000000001,0.6526500000000001,4500,1200
24.06.2024 00:27:16.960,0.6528200000000001,0.6526500000000001,4500,1200
24.06.2024 00:27:17.568,0.6528100000000001,0.6526500000000001,4500,1200
24.06.2024 00:27:17.769,0.6528100000000001,0.65266,4590.0002,1200
24.06.2024 00:27:18.020,0.6528,0.65266,4500,1200
24.06.2024 00:27:18.723,0.6528100000000001,0.65266,4590.0002,1200
24.06.2024 00:27:18.824,0.6528100000000001,0.65267,4500,1200
24.06.2024 00:27:19.126,0.6528,0.65267,4500,1200
24.06.2024 00:27:20.231,0.6528100000000001,0.65267,2250,1200
24.06.2024 00:27:20.483,0.6528,0.65267,2250,1200
24.06.2024 00:27:21.187,0.6528100000000001,0.65267,2339.9999,1200
24.06.2024 00:27:22.390,0.6528100000000001,0.65266,4500,1200
24.06.2024 00:27:26.804,0.6528100000000001,0.65267,4590.0002,1200
24.06.2024 00:27:26.905,0.6528100000000001,0.65266,4500,1200
24.06.2024 00:27:28.210,0.6528100000000001,0.65267,4500,1200
24.06.2024 00:27:29.766,0.6528200000000001,0.65264,5489.9998,1200
24.06.2024 00:27:30.319,0.6528,0.6526500000000001,4500,1200
24.06.2024 00:27:30.420,0.6528,0.65266,4500,1200
24.06.2024 00:27:30.722,0.6528100000000001,0.65266,4590.0002,1200
24.06.2024 00:27:32.027,0.6528200000000001,0.65266,5400.0001,1200
24.06.2024 00:27:32.128,0.6528200000000001,0.65268,4500,1200
24.06.2024 00:27:32.229,0.6528200000000001,0.65267,4500,1200
24.06.2024 00:27:32.481,0.6528,0.65268,2250,1200
24.06.2024 00:27:32.732,0.6528100000000001,0.65268,2250,1200
24.06.2024 00:27:33.285,0.6528,0.65268,4500,1200
24.06.2024 00:27:33.536,0.6528100000000001,0.65268,4500,1200
24.06.2024 00:27:33.938,0.6528,0.65268,4500,1200
24.06.2024 00:27:34.541,0.65279,0.65268,2700,1200
24.06.2024 00:27:34.943,0.6528200000000001,0.65267,4590.0002,1200
24.06.2024 00:27:37.155,0.6528100000000001,0.65267,4500,1200
24.06.2024 00:27:38.460,0.6528100000000001,0.65268,2250,1200
24.06.2024 00:27:38.712,0.6528,0.65268,2250,1200
24.06.2024 00:27:38.963,0.6528100000000001,0.65268,2250,1200
24.06.2024 00:27:39.465,0.6528,0.65268,4500,1200
24.06.2024 00:27:42.021,0.6528100000000001,0.65268,4500,1200
24.06.2024 00:27:42.575,0.6528,0.65268,4500,1200
24.06.2024 00:27:43.626,0.6528100000000001,0.65268,2250,1200
24.06.2024 00:27:48.589,0.6528100000000001,0.65267,2250,1200
24.06.2024 00:27:48.890,0.6528100000000001,0.65268,4500,1200
24.06.2024 00:27:50.445,0.6528,0.65268,2250,1200
24.06.2024 00:27:50.746,0.6528200000000001,0.65267,2250,1200
24.06.2024 00:27:51.398,0.6528,0.65268,2250,1200
24.06.2024 00:27:53.755,0.65283,0.65267,4590.0002,1200
24.06.2024 00:27:54.157,0.6528100000000001,0.65268,4500,1200
24.06.2024 00:27:55.613,0.6528,0.65268,4500,1200
24.06.2024 00:27:55.664,0.6528,0.65266,4500,1200
24.06.2024 00:27:57.924,0.6528100000000001,0.65266,4590.0002,1200
24.06.2024 00:27:58.602,0.6528100000000001,0.6526500000000001,4500,1200
24.06.2024 00:28:00.410,0.65279,0.65266,1350,1200
24.06.2024 00:28:01.014,0.6528,0.65266,1350,1200
24.06.2024 00:28:02.068,0.6528100000000001,0.65266,4590.0002,1200
24.06.2024 00:28:03.072,0.6528,0.65266,4500,1200
24.06.2024 00:28:04.732,0.6528,0.6526500000000001,4590.0002,1200
24.06.2024 00:28:04.934,0.65279,0.6526500000000001,4500,1200
24.06.2024 00:28:05.286,0.6528,0.6526500000000001,2250,1200
24.06.2024 00:28:05.537,0.65279,0.6526500000000001,2250,1200
24.06.2024 00:28:06.390,0.6528,0.6526500000000001,2250,1200
24.06.2024 00:28:06.892,0.65279,0.6526500000000001,2250,1200
24.06.2024 00:28:07.393,0.6528,0.6526500000000001,2250,1200
24.06.2024 00:28:07.645,0.65279,0.6526500000000001,2250,1200
24.06.2024 00:28:08.449,0.6528100000000001,0.65264,2339.9999,1200
24.06.2024 00:28:16.381,0.6528100000000001,0.6526500000000001,5489.9998,1200
24.06.2024 00:28:16.783,0.6528100000000001,0.65267,4590.0002,1200
24.06.2024 00:28:20.348,0.6528,0.65267,4500,1200
24.06.2024 00:28:20.600,0.6528100000000001,0.65267,4590.0002,1200
24.06.2024 00:28:23.715,0.6528,0.65267,2250,1200
24.06.2024 00:28:24.066,0.6528100000000001,0.65267,4590.0002,1200
24.06.2024 00:28:27.179,0.6528,0.65267,4500,1200
24.06.2024 00:28:28.033,0.6528200000000001,0.65266,4590.0002,1200
24.06.2024 00:28:28.485,0.6528,0.65267,4500,1200
24.06.2024 00:28:28.586,0.6528100000000001,0.65267,4590.0002,1200
24.06.2024 00:28:30.494,0.6528,0.65267,4500,1200
24.06.2024 00:28:31.347,0.6528200000000001,0.65266,4590.0002,1200
24.06.2024 00:28:36.914,0.6528,0.65267,4500,1200
24.06.2024 00:28:37.517,0.6528200000000001,0.65266,4500,1200
24.06.2024 00:28:37.668,0.6528,0.65267,4500,1200
24.06.2024 00:28:39.273,0.6528100000000001,0.65267,2339.9999,1200
24.06.2024 00:28:41.281,0.6528,0.65266,4500,1200
24.06.2024 00:28:44.644,0.6528,0.6526500000000001,2250,1200
24.06.2024 00:28:47.019,0.6528100000000001,0.6526500000000001,4590.0002,1200
24.06.2024 00:28:49.780,0.6528100000000001,0.65266,4590.0002,1200
24.06.2024 00:28:51.285,0.6528200000000001,0.65264,4590.0002,1200
24.06.2024 00:28:51.692,0.6528,0.6526500000000001,4500,1200
24.06.2024 00:28:53.849,0.6528,0.65267,4500,1200
24.06.2024 00:28:54.201,0.6528100000000001,0.65267,4500,1200
24.06.2024 00:28:55.055,0.6528200000000001,0.65267,5489.9998,1200
24.06.2024 00:28:55.808,0.6528200000000001,0.65266,4500,1200
24.06.2024 00:28:57.012,0.6528200000000001,0.65267,3150.0001,1200
24.06.2024 00:28:58.118,0.6528100000000001,0.65267,4500,1200
24.06.2024 00:29:01.282,0.6528100000000001,0.65268,4590.0002,1200
24.06.2024 00:29:02.839,0.6528100000000001,0.65267,4500,1200
24.06.2024 00:29:05.299,0.6528100000000001,0.65268,4590.0002,1200
24.06.2024 00:29:07.960,0.6528200000000001,0.65268,4590.0002,1200
24.06.2024 00:29:10.719,0.6528100000000001,0.65268,4500,1200
24.06.2024 00:29:11.072,0.65283,0.65267,4590.0002,1200
24.06.2024 00:29:11.273,0.6528200000000001,0.65267,4590.0002,1200
24.06.2024 00:29:12.477,0.6528200000000001,0.65266,4500,1200
24.06.2024 00:29:13.732,0.6528200000000001,0.65267,4500,1200
24.06.2024 00:29:14.033,0.6528100000000001,0.65267,4500,1200
24.06.2024 00:29:15.489,0.6528200000000001,0.65267,4500,1200
24.06.2024 00:29:16.543,0.6528100000000001,0.65267,4500,1200
24.06.2024 00:29:17.197,0.65283,0.65266,2250,1200
24.06.2024 00:29:17.701,0.6528200000000001,0.65266,2250,1200
24.06.2024 00:29:19.315,0.6528200000000001,0.65267,4500,1200
24.06.2024 00:29:20.168,0.6528100000000001,0.65267,4500,1200
24.06.2024 00:29:20.519,0.6528200000000001,0.65267,4500,1200
24.06.2024 00:29:21.072,0.6528100000000001,0.65267,4500,1200
24.06.2024 00:29:22.678,0.6528,0.65267,4500,1200
24.06.2024 00:29:23.630,0.6528200000000001,0.65266,4500,1200
24.06.2024 00:29:23.982,0.6528200000000001,0.65267,4590.0002,1200
24.06.2024 00:29:25.689,0.6528100000000001,0.65267,4500,1200
24.06.2024 00:29:27.797,0.6528200000000001,0.65267,2339.9999,1200
24.06.2024 00:29:28.098,0.6528100000000001,0.65267,4500,1200
24.06.2024 00:29:28.450,0.6528200000000001,0.65267,4590.0002,1200
24.06.2024 00:29:29.253,0.6528100000000001,0.65267,4500,1200
24.06.2024 00:29:30.458,0.6528200000000001,0.65267,4590.0002,1200
24.06.2024 00:29:31.912,0.6528100000000001,0.65267,4500,1200
24.06.2024 00:29:34.220,0.65283,0.65266,5489.9998,1200
24.06.2024 00:29:34.522,0.6528100000000001,0.65267,4500,1200
24.06.2024 00:29:34.924,0.6528200000000001,0.65267,5489.9998,1200
24.06.2024 00:29:35.627,0.6528100000000001,0.65267,4500,1200
24.06.2024 00:29:36.431,0.65283,0.65266,5489.9998,1200
24.06.2024 00:29:37.887,0.6528100000000001,0.65267,4500,1200
24.06.2024 00:29:38.139,0.6528200000000001,0.65267,5489.9998,1200
24.06.2024 00:29:38.910,0.6528100000000001,0.65267,4500,1200
24.06.2024 00:29:40.064,0.6528200000000001,0.65267,5489.9998,1200
24.06.2024 00:29:40.968,0.6528200000000001,0.65266,4500,1200
24.06.2024 00:29:41.169,0.65283,0.65266,5489.9998,1200
24.06.2024 00:29:48.290,0.65283,0.65267,4590.0002,1200
24.06.2024 00:29:48.397,0.65283,0.65268,4500,1200
24.06.2024 00:29:48.649,0.65283,0.65267,5520,1200
24.06.2024 00:29:49.504,0.6528200000000001,0.65266,4500,1200
24.06.2024 00:29:49.806,0.6528200000000001,0.65267,4590.0002,1200
24.06.2024 00:29:50.008,0.6528100000000001,0.65267,4500,1200
24.06.2024 00:29:50.309,0.65283,0.65266,2339.9999,1200
24.06.2024 00:29:50.511,0.6528100000000001,0.65267,2250,1200
24.06.2024 00:29:58.136,0.6528200000000001,0.65267,4590.0002,1200
24.06.2024 00:30:00.193,0.65283,0.6526500000000001,5520,1200
24.06.2024 00:30:00.295,0.6528,0.65268,4500,1200
24.06.2024 00:30:00.396,0.6528,0.65267,4500,1200
24.06.2024 00:30:00.648,0.6528200000000001,0.65267,4500,1200
24.06.2024 00:30:00.899,0.6528100000000001,0.65267,2250,1200
24.06.2024 00:30:04.061,0.65283,0.65266,2250,1200
24.06.2024 00:30:04.715,0.6528,0.65267,2250,1200
24.06.2024 00:30:06.973,0.6528100000000001,0.65267,2250,1200
24.06.2024 00:30:07.475,0.6528100000000001,0.65266,2250,1200
24.06.2024 00:30:08.530,0.6528200000000001,0.65267,2250,1200
24.06.2024 00:30:08.782,0.65284,0.65266,5489.9998,1200
24.06.2024 00:30:09.587,0.6528200000000001,0.65267,4500,1200
24.06.2024 00:30:12.496,0.65283,0.65267,3240,1200
24.06.2024 00:30:13.902,0.6528200000000001,0.65267,2700,1200
24.06.2024 00:30:16.710,0.65283,0.65267,3240,1200
24.06.2024 00:30:18.467,0.65285,0.65268,3270,1200
24.06.2024 00:30:20.704,0.65284,0.65269,5489.9998,1200
24.06.2024 00:30:21.407,0.65284,0.65268,4500,1200
24.06.2024 00:30:28.236,0.6528,0.65266,1200,1200
24.06.2024 00:30:28.789,0.65279,0.65264,1200,1320.0001
24.06.2024 00:30:29.040,0.6528,0.65263,1200,1200
24.06.2024 00:30:34.560,0.6528100000000001,0.65264,1200,1200
24.06.2024 00:30:34.661,0.6528100000000001,0.65266,1200,1200
24.06.2024 00:30:34.812,0.6528,0.6526500000000001,1200,1200
24.06.2024 00:30:38.526,0.65279,0.65264,1200,1320.0001
24.06.2024 00:30:41.289,0.65278,0.65263,1200,1200
24.06.2024 00:31:04.924,0.6528,0.65264,1200,1200
24.06.2024 00:31:17.542,0.6528100000000001,0.6526500000000001,1200,1200
24.06.2024 00:31:35.167,0.65279,0.65264,1200,1200
24.06.2024 00:31:48.264,0.65279,0.6526500000000001,1200,1200
24.06.2024 00:32:09.677,0.6528,0.6526500000000001,1200,1320.0001
24.06.2024 00:32:10.683,0.65277,0.65262,1200,1320.0001
24.06.2024 00:32:10.834,0.6527600000000001,0.65261,1200,1320.0001
24.06.2024 00:32:20.421,0.65277,0.65263,1200,1200
24.06.2024 00:32:20.723,0.6527600000000001,0.65262,1200,1200
24.06.2024 00:32:21.627,0.65275,0.65261,1200,1200
24.06.2024 00:32:21.729,0.65275,0.65258,1200,1320.0001
24.06.2024 00:32:21.830,0.65272,0.65257,1200,1320.0001
24.06.2024 00:32:21.931,0.6527000000000001,0.65256,1200,1320.0001
24.06.2024 00:32:22.283,0.65271,0.65254,1200,1200
24.06.2024 00:32:23.791,0.65271,0.6525500000000001,1200,1200
24.06.2024 00:32:26.954,0.65271,0.65257,1200,1200
24.06.2024 00:32:27.056,0.6527000000000001,0.65256,1200,1200
24.06.2024 00:32:29.765,0.65271,0.65257,1200,1200
24.06.2024 00:32:29.867,0.6527000000000001,0.65256,1200,1320.0001
24.06.2024 00:32:31.373,0.65271,0.65256,1200,1200
24.06.2024 00:32:34.032,0.65272,0.65258,1200,1200
24.06.2024 00:32:49.667,0.65271,0.65257,1200,1200
24.06.2024 00:33:03.414,0.6527000000000001,0.65256,1200,1200
24.06.2024 00:33:04.419,0.6527000000000001,0.6525500000000001,1200,1200
24.06.2024 00:33:05.172,0.6527000000000001,0.65256,1200,1200
24.06.2024 00:33:05.273,0.65272,0.65256,1200,1200
24.06.2024 00:33:07.834,0.65273,0.65257,1200,1200
24.06.2024 00:33:11.551,0.65273,0.65259,1200,1200
24.06.2024 00:33:24.223,0.65273,0.65257,1200,1200
24.06.2024 00:33:38.063,0.65273,0.65259,1200,1200
24.06.2024 00:33:47.293,0.65272,0.65258,1200,1200
24.06.2024 00:33:59.193,0.65274,0.65258,1200,1200
24.06.2024 00:34:00.148,0.65272,0.65258,1200,1200
24.06.2024 00:34:03.811,0.65271,0.65257,1200,1200
24.06.2024 00:34:05.269,0.6527000000000001,0.6525500000000001,1200,1320.0001
24.06.2024 00:34:24.928,0.65272,0.65258,1200,1200
24.06.2024 00:34:25.231,0.65271,0.65258,1200,1200
24.06.2024 00:34:33.154,0.65272,0.65259,1200,1200
24.06.2024 00:34:33.908,0.65272,0.65257,1200,1200
24.06.2024 00:34:36.470,0.65272,0.65258,1200,1200
24.06.2024 00:34:50.573,0.65271,0.65258,1200,1200
24.06.2024 00:34:58.753,0.65272,0.65259,1200,1200
24.06.2024 00:35:06.362,0.65271,0.65257,1200,1200
24.06.2024 00:35:11.280,0.65271,0.6525500000000001,1200,1200
24.06.2024 00:35:17.198,0.65269,0.6525500000000001,1200,1200
24.06.2024 00:35:17.300,0.65268,0.65254,1200,1200
24.06.2024 00:35:19.817,0.65266,0.65252,1200,1200
24.06.2024 00:35:19.918,0.65267,0.65253,1200,1200
24.06.2024 00:35:28.051,0.65267,0.65252,1200,1200
24.06.2024 00:36:02.148,0.65269,0.65253,1200,1200
24.06.2024 00:36:02.249,0.65269,0.6525500000000001,1200,1200
24.06.2024 00:36:08.527,0.6527000000000001,0.65256,1200,1200
24.06.2024 00:36:09.130,0.65269,0.6525500000000001,1200,1200
24.06.2024 00:36:10.937,0.65272,0.65256,1200,1200
24.06.2024 00:36:19.968,0.65272,0.65258,1200,1200
24.06.2024 00:36:21.877,0.65273,0.65259,1200,1200
24.06.2024 00:36:25.588,0.65273,0.65257,1200,1200
24.06.2024 00:36:34.770,0.65271,0.65257,1200,1200
24.06.2024 00:36:46.365,0.65271,0.65256,1200,1320.0001
24.06.2024 00:36:46.666,0.65273,0.65256,1200,1200
24.06.2024 00:36:47.269,0.65271,0.65257,1200,1200
24.06.2024 00:36:48.676,0.65272,0.65257,1200,1200
24.06.2024 00:36:48.978,0.65272,0.6525500000000001,1200,1200
24.06.2024 00:36:49.631,0.65269,0.65253,1200,1320.0001
24.06.2024 00:37:01.275,0.65269,0.65252,1200,1200
24.06.2024 00:37:36.667,0.65266,0.65252,1200,1200
24.06.2024 00:37:36.869,0.6526500000000001,0.65249,1200,1200
24.06.2024 00:37:37.324,0.65266,0.65251,1200,1200
24.06.2024 00:37:41.290,0.65266,0.65252,1200,1200
24.06.2024 00:38:06.086,0.65268,0.65253,1200,1200
24.06.2024 00:38:06.188,0.65269,0.6525500000000001,1200,1200
24.06.2024 00:38:21.286,0.6527000000000001,0.65256,1200,1200
24.06.2024 00:38:36.736,0.65272,0.65258,1200,1200
24.06.2024 00:38:46.774,0.65271,0.65257,1200,1200
24.06.2024 00:39:01.276,0.65271,0.65258,1200,1200
24.06.2024 00:39:06.426,0.65274,0.65259,1200,1200
24.06.2024 00:39:08.535,0.65272,0.65258,1200,1200
24.06.2024 00:39:08.939,0.65272,0.65256,1200,1200
24.06.2024 00:39:11.247,0.65272,0.65257,1200,1200
24.06.2024 00:39:21.278,0.65272,0.65256,1200,1200
24.06.2024 00:39:34.771,0.65271,0.65256,1200,1200
24.06.2024 00:40:25.071,0.65272,0.65257,1200,1200
24.06.2024 00:40:34.708,0.65272,0.65258,2250,1200
24.06.2024 00:40:34.809,0.65272,0.65257,3150.0001,1200
24.06.2024 00:40:44.344,0.65271,0.65256,1200,1200
24.06.2024 00:40:51.292,0.6527000000000001,0.65256,1320.0001,1200
24.06.2024 00:40:51.393,0.65269,0.65254,1200,1200
24.06.2024 00:41:01.479,0.6527000000000001,0.6525500000000001,3150.0001,1200
24.06.2024 00:41:01.680,0.65269,0.65254,1200,1200
24.06.2024 00:41:09.457,0.6527000000000001,0.65256,1200,1200
24.06.2024 00:41:13.070,0.65271,0.65256,1200,1200
24.06.2024 00:41:24.708,0.65272,0.65257,5400.0001,1200
24.06.2024 00:41:25.961,0.65271,0.65256,1200,1200
24.06.2024 00:41:35.153,0.6527000000000001,0.6525500000000001,1200,1200
24.06.2024 00:41:35.456,0.65269,0.6525500000000001,2700,1200
24.06.2024 00:41:37.061,0.65269,0.65254,3599.9999,1200
24.06.2024 00:41:44.985,0.6527000000000001,0.65256,4500,1200
24.06.2024 00:41:45.086,0.6527000000000001,0.6525500000000001,5400.0001,1200
24.06.2024 00:41:45.538,0.65272,0.6525500000000001,5489.9998,1200
24.06.2024 00:41:45.789,0.6527000000000001,0.65256,4500,1200
24.06.2024 00:41:47.695,0.65271,0.65256,5400.0001,1200
24.06.2024 00:41:48.047,0.6527000000000001,0.6525500000000001,1200,1200
24.06.2024 00:41:48.399,0.65269,0.6525500000000001,2250,1200
24.06.2024 00:41:48.801,0.65269,0.65253,3150.0001,1200
24.06.2024 00:41:59.747,0.6527000000000001,0.6525500000000001,3150.0001,1200
24.06.2024 00:42:05.721,0.65269,0.65254,1200,1200
24.06.2024 00:42:10.488,0.65268,0.65254,4500,1200
24.06.2024 00:42:10.639,0.65269,0.65254,5400.0001,1200
24.06.2024 00:42:11.441,0.65268,0.65254,2250,1200
24.06.2024 00:42:14.548,0.65269,0.65254,3150.0001,1200
24.06.2024 00:42:41.367,0.65268,0.65253,1200,1200
24.06.2024 00:43:13.644,0.65269,0.65254,3150.0001,1200
24.06.2024 00:43:23.881,0.6527000000000001,0.65254,5400.0001,1200
24.06.2024 00:43:29.300,0.65269,0.65254,2250,1200
24.06.2024 00:43:35.470,0.65268,0.65254,2250,1200
24.06.2024 00:43:35.722,0.65269,0.65254,3150.0001,1200
24.06.2024 00:43:35.975,0.65268,0.65254,2250,1200
24.06.2024 00:43:36.527,0.65269,0.65254,2250,1200
24.06.2024 00:43:38.335,0.65268,0.65254,2250,1200
24.06.2024 00:43:38.586,0.65269,0.65254,2250,1200
24.06.2024 00:43:38.838,0.6527000000000001,0.65254,3240,1200
24.06.2024 00:43:39.089,0.65268,0.65254,4500,1200
24.06.2024 00:43:41.999,0.6527000000000001,0.65253,3150.0001,1200
24.06.2024 00:43:50.028,0.65268,0.65254,4500,1200
24.06.2024 00:43:50.434,0.6527000000000001,0.6525500000000001,4500,1200
24.06.2024 00:43:50.737,0.65272,0.65254,5489.9998,1200
24.06.2024 00:43:51.289,0.65271,0.65256,4590.0002,1200
24.06.2024 00:43:51.490,0.65271,0.6525500000000001,5489.9998,1200
24.06.2024 00:43:57.207,0.65271,0.65254,2250,1200
24.06.2024 00:43:57.459,0.65272,0.65254,3240,1200
24.06.2024 00:44:11.499,0.6527000000000001,0.6525500000000001,1200,1200
24.06.2024 00:44:29.213,0.65269,0.6525500000000001,2250,1200
24.06.2024 00:44:32.576,0.6527000000000001,0.6525500000000001,3150.0001,1200
24.06.2024 00:44:50.433,0.65268,0.65253,1200,1200
24.06.2024 00:44:52.540,0.6527000000000001,0.65254,1200,1200
24.06.2024 00:44:56.100,0.65271,0.6525500000000001,3150.0001,1200
24.06.2024 00:44:57.004,0.65271,0.65256,3240,1200
24.06.2024 00:44:57.105,0.6527000000000001,0.65256,2250,1200
24.06.2024 00:44:58.008,0.6527000000000001,0.65257,2250,1200
24.06.2024 00:44:58.360,0.6527000000000001,0.65256,2250,1200
24.06.2024 00:44:58.862,0.65271,0.65256,2339.9999,1200
24.06.2024 00:44:59.113,0.6527000000000001,0.65256,2250,1200
24.06.2024 00:44:59.916,0.65271,0.65256,3240,1200
24.06.2024 00:45:00.117,0.65271,0.6525500000000001,4500,1200
24.06.2024 00:45:00.218,0.65271,0.65256,5400.0001,1200
24.06.2024 00:45:00.671,0.6527000000000001,0.65256,4500,1200
24.06.2024 00:45:00.772,0.65271,0.65256,5400.0001,1200
24.06.2024 00:45:01.926,0.6527000000000001,0.65256,2700,1200
24.06.2024 00:45:02.077,0.65271,0.65256,1200,1200
24.06.2024 00:45:02.982,0.6527000000000001,0.65256,2250,1200
24.06.2024 00:45:08.352,0.6527000000000001,0.6525500000000001,3150.0001,1200
24.06.2024 00:45:14.021,0.65271,0.65256,2250,1200
24.06.2024 00:45:14.223,0.65272,0.65256,2339.9999,1200
24.06.2024 00:45:14.976,0.6527000000000001,0.65257,2250,1200
24.06.2024 00:45:15.378,0.65271,0.65257,4590.0002,1200
24.06.2024 00:45:15.930,0.6527000000000001,0.65257,2250,1200
24.06.2024 00:45:17.887,0.65272,0.65256,2790,1200
24.06.2024 00:45:18.138,0.6527000000000001,0.65257,1350,1200
24.06.2024 00:45:18.490,0.65271,0.65257,1350,1200
24.06.2024 00:45:19.996,0.6527000000000001,0.65257,2250,1200
24.06.2024 00:45:20.951,0.65271,0.65257,2250,1200
24.06.2024 00:45:21.102,0.65271,0.65256,2250,1200
24.06.2024 00:45:21.253,0.6527000000000001,0.65256,2250,1200
24.06.2024 00:45:22.658,0.6527000000000001,0.6525500000000001,3150.0001,1200
24.06.2024 00:45:28.452,0.6527000000000001,0.65254,2250,1200
24.06.2024 00:45:28.856,0.65271,0.65254,3150.0001,1200
24.06.2024 00:45:29.911,0.65269,0.6525500000000001,2250,1200
24.06.2024 00:45:30.263,0.6527000000000001,0.6525500000000001,3240,1200
24.06.2024 00:45:30.564,0.65269,0.6525500000000001,2250,1200
24.06.2024 00:45:31.016,0.65271,0.65254,3599.9999,1200
24.06.2024 00:45:31.820,0.6527000000000001,0.65256,2700,1200
24.06.2024 00:45:32.222,0.65269,0.6525500000000001,1200,1200
24.06.2024 00:45:36.639,0.65267,0.65254,2250,1200
24.06.2024 00:45:37.042,0.65267,0.65252,1320.0001,1200
24.06.2024 00:45:42.713,0.65267,0.65252,2280,1200
24.06.2024 00:45:42.864,0.65267,0.65252,1710,1200
24.06.2024 00:45:43.015,0.65267,0.65252,2280,1200
24.06.2024 00:45:43.116,0.65267,0.65252,2339.9999,1200
24.06.2024 00:45:43.417,0.65266,0.65252,1350,1200
24.06.2024 00:45:43.870,0.65267,0.65252,3240,1200
24.06.2024 00:45:47.082,0.65266,0.65252,4500,1200
24.06.2024 00:45:51.349,0.6526500000000001,0.65252,2250,1200
24.06.2024 00:45:52.103,0.65267,0.65251,3150.0001,1200
24.06.2024 00:45:54.361,0.65267,0.65251,3270,1200
24.06.2024 00:46:00.633,0.65267,0.65251,3150.0001,1200
24.06.2024 00:46:05.848,0.6526500000000001,0.65252,4500,1200
24.06.2024 00:46:06.500,0.65266,0.65252,3240,1200
24.06.2024 00:46:08.860,0.6526500000000001,0.65252,2250,1200
24.06.2024 00:46:09.312,0.65267,0.65251,3240,1200
24.06.2024 00:46:10.717,0.6526500000000001,0.65251,1200,1200
24.06.2024 00:46:37.819,0.65264,0.65249,1200,1200
24.06.2024 00:46:43.941,0.65266,0.65251,5400.0001,1200
24.06.2024 00:46:44.042,0.65267,0.65252,1200,1200
24.06.2024 00:46:51.269,0.65267,0.65253,1200,1200
24.06.2024 00:46:53.928,0.65267,0.65252,1200,1200
24.06.2024 00:46:54.029,0.65267,0.6525000000000001,1200,1200
24.06.2024 00:46:54.230,0.6526500000000001,0.6525000000000001,1200,1320.0001
24.06.2024 00:47:11.272,0.6526500000000001,0.65251,1200,1200
24.06.2024 00:47:17.892,0.65263,0.65249,1200,1200
24.06.2024 00:47:23.867,0.65264,0.6525000000000001,1200,1200
24.06.2024 00:47:24.872,0.65264,0.6524800000000001,1200,1200
24.06.2024 00:47:29.239,0.65266,0.65251,1200,1200
24.06.2024 00:47:50.007,0.65267,0.65252,3150.0001,1200
24.06.2024 00:47:50.108,0.65267,0.65253,1200,1200
24.06.2024 00:47:50.209,0.65267,0.65252,1200,1200
24.06.2024 00:47:51.363,0.65266,0.6525000000000001,1200,1200
24.06.2024 00:48:01.292,0.65264,0.6525000000000001,1200,1200
24.06.2024 00:48:06.510,0.65263,0.65249,1200,1200
24.06.2024 00:48:07.013,0.65263,0.65246,1200,1200
24.06.2024 00:48:09.573,0.65264,0.65247,5489.9998,1200
24.06.2024 00:48:10.377,0.6526500000000001,0.65249,1320.0001,1200
24.06.2024 00:48:13.090,0.65264,0.6524800000000001,1200,1200
24.06.2024 00:48:23.633,0.65262,0.65249,2250,1200
24.06.2024 00:48:23.734,0.65262,0.6524800000000001,3150.0001,1200
24.06.2024 00:48:34.471,0.6526500000000001,0.65251,1320.0001,1200
24.06.2024 00:48:35.625,0.65267,0.65252,3240,1200
24.06.2024 00:48:36.578,0.65266,0.65252,1350,1200
24.06.2024 00:48:39.387,0.6526500000000001,0.65252,2250,1200
24.06.2024 00:48:39.538,0.65268,0.65251,1320.0001,1200
24.06.2024 00:48:39.989,0.6526500000000001,0.65251,2250,1200
24.06.2024 00:48:48.015,0.65264,0.65246,1200,1320.0001
24.06.2024 00:48:48.065,0.65257,0.6524300000000001,1200,4500
24.06.2024 00:48:48.116,0.65257,0.65241,1200,1440.0001
24.06.2024 00:48:48.770,0.65256,0.6524,1200,1320.0001
24.06.2024 00:48:48.871,0.6525500000000001,0.65239,1200,1320.0001
24.06.2024 00:48:48.972,0.6525500000000001,0.65239,1200,1200
24.06.2024 00:48:55.097,0.6525500000000001,0.6524,1200,1200
24.06.2024 00:49:23.881,0.65257,0.65241,1200,1200
24.06.2024 00:49:23.932,0.65258,0.6524300000000001,2250,1200
24.06.2024 00:49:25.288,0.65257,0.65241,1200,1200
24.06.2024 00:49:26.644,0.6525500000000001,0.6524,1200,1200
24.06.2024 00:49:36.782,0.65256,0.65241,1200,1200
24.06.2024 00:49:49.781,0.65257,0.65242,1200,1200
24.06.2024 00:49:49.932,0.65258,0.6524300000000001,1200,1200
24.06.2024 00:49:55.054,0.65257,0.65242,1200,1200
24.06.2024 00:50:04.239,0.65257,0.6524,1200,1200
24.06.2024 00:50:06.581,0.6525500000000001,0.6524,1200,1200
24.06.2024 00:50:09.289,0.65256,0.65241,1200,1200
24.06.2024 00:50:26.664,0.6525500000000001,0.65241,1200,1200
24.06.2024 00:50:34.897,0.65257,0.65244,1200,1200
24.06.2024 00:50:41.271,0.65258,0.65244,1200,1200
24.06.2024 00:50:56.079,0.65261,0.6524500000000001,1200,1200
24.06.2024 00:51:10.269,0.65259,0.6524500000000001,1200,1200
24.06.2024 00:51:27.783,0.65257,0.65244,1200,1200
24.06.2024 00:51:31.293,0.65258,0.65244,1200,1200
24.06.2024 00:51:48.156,0.65258,0.6524500000000001,1200,1200
24.06.2024 00:51:51.018,0.65259,0.6524500000000001,1200,1200
24.06.2024 00:51:56.046,0.65258,0.6524500000000001,1200,1200
24.06.2024 00:51:57.201,0.65257,0.65244,1200,1200
24.06.2024 00:52:09.135,0.65259,0.6524300000000001,1200,1200
24.06.2024 00:52:09.588,0.65257,0.65244,1200,1200
24.06.2024 00:52:18.224,0.65257,0.65242,1200,1200
24.06.2024 00:52:20.986,0.65257,0.65244,1200,1200
24.06.2024 00:52:31.270,0.65258,0.65244,1200,1200
24.06.2024 00:52:33.279,0.6526000000000001,0.65247,1200,1200
24.06.2024 00:52:33.400,0.65259,0.65246,1200,1200
24.06.2024 00:52:34.907,0.65258,0.6524500000000001,1200,1200
24.06.2024 00:52:49.454,0.6526000000000001,0.6524500000000001,1200,1200
24.06.2024 00:52:53.971,0.65259,0.65244,1200,1200
24.06.2024 00:52:55.979,0.6526000000000001,0.6524500000000001,1200,1200
24.06.2024 00:52:56.080,0.6526000000000001,0.65247,1200,1200
24.06.2024 00:52:56.683,0.65258,0.6524500000000001,1200,1200
24.06.2024 00:52:57.136,0.65257,0.6524500000000001,1200,1200
24.06.2024 00:53:00.300,0.6526000000000001,0.6524500000000001,1200,1200
24.06.2024 00:53:19.631,0.6526000000000001,0.65247,1200,1200
24.06.2024 00:53:23.896,0.65261,0.6524800000000001,1200,1200
24.06.2024 00:53:26.955,0.65262,0.65249,3150.0001,1200
24.06.2024 00:53:27.059,0.65263,0.6525000000000001,3150.0001,1200
24.06.2024 00:53:31.277,0.65264,0.6525000000000001,1200,1200
24.06.2024 00:53:39.407,0.65263,0.65249,1200,1200
24.06.2024 00:53:51.202,0.65259,0.6524500000000001,1200,1200
24.06.2024 00:53:55.919,0.65259,0.65246,1200,1200
24.06.2024 00:54:01.252,0.65259,0.6524500000000001,1200,1200
24.06.2024 00:54:06.474,0.6526000000000001,0.65247,1200,1200
24.06.2024 00:54:16.517,0.65259,0.65246,1200,1200
24.06.2024 00:54:27.759,0.65259,0.65247,1200,1200
24.06.2024 00:54:37.036,0.65261,0.6524800000000001,1200,1200
24.06.2024 00:54:38.341,0.6526000000000001,0.65247,1200,1200
24.06.2024 00:54:43.721,0.65261,0.6524800000000001,1200,1200
24.06.2024 00:54:48.188,0.6526000000000001,0.65247,1200,1200
24.06.2024 00:54:48.289,0.65261,0.6524800000000001,1200,1200
24.06.2024 00:54:49.144,0.65263,0.6525000000000001,3150.0001,1200
24.06.2024 00:54:49.245,0.65264,0.65251,1200,1200
24.06.2024 00:54:51.757,0.6526500000000001,0.65252,3240,1200
24.06.2024 00:54:54.067,0.65263,0.6525000000000001,1200,1200
24.06.2024 00:54:55.775,0.65264,0.65251,3150.0001,1200
24.06.2024 00:54:58.184,0.65263,0.6525000000000001,1200,1200
24.06.2024 00:54:59.188,0.65264,0.65251,1200,1200
24.06.2024 00:54:59.290,0.65266,0.65253,1200,1200
24.06.2024 00:54:59.492,0.6526500000000001,0.65252,1200,1200
24.06.2024 00:54:59.593,0.65264,0.65251,1200,1200
24.06.2024 00:54:59.694,0.65267,0.65254,3150.0001,1200
24.06.2024 00:54:59.795,0.65266,0.65253,1200,1200
24.06.2024 00:55:03.310,0.65269,0.65253,3150.0001,1200
24.06.2024 00:55:03.561,0.65269,0.65256,1320.0001,1200
24.06.2024 00:55:03.763,0.65263,0.6525000000000001,1200,1200
24.06.2024 00:55:03.915,0.6526500000000001,0.65252,1200,1200
24.06.2024 00:55:04.066,0.65267,0.65252,1320.0001,1200
24.06.2024 00:55:05.020,0.6526500000000001,0.65252,1200,1200
24.06.2024 00:55:05.121,0.65264,0.6525000000000001,1200,1200
24.06.2024 00:55:06.377,0.65264,0.65249,1200,1200
24.06.2024 00:55:19.884,0.65262,0.65247,1200,1200
24.06.2024 00:55:20.286,0.65261,0.65247,1200,1200
24.06.2024 00:55:21.291,0.65261,0.6524800000000001,1200,1200
24.06.2024 00:55:21.392,0.65262,0.6524800000000001,1200,1200
24.06.2024 00:55:21.744,0.65261,0.6524800000000001,1200,1200
24.06.2024 00:55:23.302,0.65263,0.6524800000000001,1200,1200
24.06.2024 00:55:25.863,0.65264,0.65249,1200,1200
24.06.2024 00:55:28.823,0.65264,0.65251,1200,1200
24.06.2024 00:55:41.663,0.65266,0.65252,1200,1200
24.06.2024 00:55:41.966,0.65266,0.65253,1200,1200
24.06.2024 00:55:42.669,0.6526500000000001,0.65252,1200,1200
24.06.2024 00:55:52.406,0.65266,0.65253,1200,1200
24.06.2024 00:55:56.621,0.65268,0.65254,1200,1200
24.06.2024 00:55:57.877,0.65269,0.65256,1200,1200
24.06.2024 00:56:05.005,0.65271,0.65257,1200,1200
24.06.2024 00:56:05.358,0.65272,0.65259,1200,1200
24.06.2024 00:56:19.058,0.65271,0.65257,1200,1200
24.06.2024 00:56:19.160,0.6527000000000001,0.65256,1200,1200
24.06.2024 00:56:21.421,0.65272,0.65257,1200,1200
24.06.2024 00:56:23.508,0.6527000000000001,0.65257,1200,1200
24.06.2024 00:56:23.659,0.65269,0.65256,1200,1200
24.06.2024 00:56:24.263,0.6527000000000001,0.65256,1200,1200
24.06.2024 00:56:34.748,0.65269,0.6525500000000001,1200,1200
24.06.2024 00:56:46.134,0.65269,0.65254,1200,1200
24.06.2024 00:57:34.476,0.6527000000000001,0.6525500000000001,1200,1200
24.06.2024 00:57:41.250,0.65271,0.6525500000000001,1200,1200
24.06.2024 00:57:44.412,0.65271,0.65257,1200,1200
24.06.2024 00:57:51.431,0.6527000000000001,0.65257,2700,1200
24.06.2024 00:57:59.823,0.65269,0.6525500000000001,1200,1200
24.06.2024 00:58:00.175,0.65268,0.65254,1200,1200
24.06.2024 00:58:00.277,0.65269,0.6525500000000001,1200,1200
24.06.2024 00:58:01.330,0.6527000000000001,0.65256,1200,1200
24.06.2024 00:58:05.192,0.6527000000000001,0.65254,1200,1200
24.06.2024 00:58:05.344,0.65269,0.65256,1200,1200
24.06.2024 00:58:30.586,0.6527000000000001,0.65254,1200,1320.0001
24.06.2024 00:58:32.144,0.65269,0.65257,1200,1200
24.06.2024 00:58:33.852,0.65271,0.65258,1200,1200
24.06.2024 00:58:37.961,0.65271,0.65256,1200,1200
24.06.2024 00:58:38.315,0.65271,0.65258,1200,1200
24.06.2024 00:58:39.368,0.6527000000000001,0.65258,1200,1200
24.06.2024 00:58:40.824,0.65271,0.65256,1200,1200
24.06.2024 00:58:46.715,0.65269,0.6525500000000001,1200,1200
24.06.2024 00:58:55.291,0.65269,0.65254,1200,1200
24.06.2024 00:58:55.392,0.65268,0.65254,1200,1200
24.06.2024 00:59:03.968,0.65269,0.65253,1200,1320.0001
24.06.2024 00:59:10.887,0.65267,0.65254,1200,1320.0001
24.06.2024 00:59:11.438,0.65267,0.65254,1200,1320.0001
24.06.2024 00:59:13.043,0.65267,0.65254,1200,1320.0001
24.06.2024 00:59:14.298,0.65268,0.65253,1200,1320.0001
24.06.2024 00:59:16.004,0.65267,0.65254,1200,1320.0001
24.06.2024 00:59:17.258,0.65267,0.65252,1200,1320.0001
24.06.2024 00:59:18.111,0.65266,0.65253,1200,1320.0001
24.06.2024 00:59:18.212,0.65267,0.65254,1200,1320.0001
24.06.2024 00:59:21.224,0.65268,0.65253,1200,1320.0001
24.06.2024 00:59:26.943,0.65267,0.65254,1200,1320.0001
24.06.2024 00:59:28.298,0.65267,0.65254,1200,1320.0001
24.06.2024 00:59:28.399,0.65266,0.65253,1200,1320.0001
24.06.2024 00:59:29.002,0.65267,0.65254,1200,1320.0001
24.06.2024 00:59:36.677,0.65267,0.65252,1200,1320.0001
24.06.2024 00:59:48.459,0.65263,0.6525000000000001,1200,4619.9999
24.06.2024 00:59:58.699,0.65262,0.6524800000000001,1200,1320.0001
24.06.2024 01:00:00.206,0.65262,0.6524800000000001,1200,1320.0001
24.06.2024 01:00:00.509,0.65263,0.65247,1200,1320.0001
24.06.2024 01:00:02.216,0.65261,0.65246,1200,1320.0001
24.06.2024 01:00:02.519,0.65261,0.65246,1200,1320.0001
24.06.2024 01:00:03.172,0.65261,0.65246,1200,1320.0001
24.06.2024 01:00:03.323,0.65262,0.65247,1200,1320.0001
24.06.2024 01:00:04.780,0.65261,0.65246,1200,1320.0001
24.06.2024 01:00:05.917,0.65261,0.65246,1200,1320.0001
24.06.2024 01:00:08.776,0.65262,0.6524500000000001,1200,1320.0001
24.06.2024 01:00:10.081,0.65261,0.65246,1200,1320.0001
24.06.2024 01:00:11.285,0.65261,0.65246,1200,1320.0001
24.06.2024 01:00:12.590,0.65264,0.65247,5400.0001,1320.0001
24.06.2024 01:00:13.143,0.65262,0.6524800000000001,1200,1320.0001
24.06.2024 01:00:13.796,0.65262,0.6524800000000001,1200,1320.0001
24.06.2024 01:00:19.667,0.65262,0.6524500000000001,1200,1320.0001
24.06.2024 01:00:20.220,0.65261,0.65246,1200,1320.0001
24.06.2024 01:00:20.622,0.65261,0.65246,1200,1320.0001
24.06.2024 01:00:34.076,0.65261,0.65247,1200,1320.0001
24.06.2024 01:00:37.088,0.65258,0.65244,1200,1320.0001
24.06.2024 01:00:38.043,0.65258,0.65244,1200,1200
24.06.2024 01:00:49.440,0.65257,0.6524300000000001,1200,1200
24.06.2024 01:00:52.351,0.6525500000000001,0.65242,1200,1200
24.06.2024 01:00:52.854,0.65256,0.6524,1200,1320.0001
24.06.2024 01:00:54.059,0.65252,0.6523800000000001,1200,1200
24.06.2024 01:01:00.081,0.65253,0.6524,1200,1200
24.06.2024 01:01:06.941,0.6525500000000001,0.65239,1200,1200
24.06.2024 01:01:10.402,0.65253,0.65239,1200,1200
24.06.2024 01:01:11.257,0.65253,0.6524,1200,1200
24.06.2024 01:01:11.608,0.65254,0.65241,1200,1200
24.06.2024 01:01:17.226,0.65254,0.6524,1200,1200
24.06.2024 01:01:17.678,0.65253,0.65239,1200,1200
24.06.2024 01:01:17.779,0.65252,0.6523800000000001,1200,1200
24.06.2024 01:01:17.880,0.65251,0.65237,1200,1200
24.06.2024 01:01:27.711,0.65252,0.65239,1200,1200
24.06.2024 01:01:35.641,0.65251,0.6523800000000001,1200,1200
24.06.2024 01:01:37.348,0.65251,0.65236,1200,1200
24.06.2024 01:01:42.117,0.6525000000000001,0.65236,1200,1200
24.06.2024 01:01:56.266,0.6525000000000001,0.65237,1200,1200
24.06.2024 01:02:02.991,0.6525000000000001,0.65236,1200,1320.0001
24.06.2024 01:02:17.659,0.65251,0.6523800000000001,1200,1200
24.06.2024 01:02:17.860,0.65252,0.65239,1200,1200
24.06.2024 01:02:19.869,0.65252,0.6523800000000001,1200,1200
24.06.2024 01:02:23.836,0.65251,0.65237,1200,1200
24.06.2024 01:02:38.583,0.65252,0.65239,1200,1200
24.06.2024 01:02:46.767,0.65253,0.6524,1200,1200
24.06.2024 01:02:52.890,0.65252,0.65239,1200,1200
24.06.2024 01:02:56.905,0.6525500000000001,0.65239,5400.0001,1200
24.06.2024 01:03:00.164,0.6525500000000001,0.6523800000000001,1200,1200
24.06.2024 01:03:00.416,0.6525500000000001,0.65241,1200,1200
24.06.2024 01:03:03.578,0.65252,0.65237,1200,1200
24.06.2024 01:03:06.839,0.65254,0.6523800000000001,1200,1200
24.06.2024 01:03:07.040,0.65254,0.6524,1200,1200
24.06.2024 01:03:07.141,0.65253,0.65239,1200,1200
24.06.2024 01:03:19.759,0.65254,0.65241,1200,1200
24.06.2024 01:03:23.784,0.65252,0.65239,1200,1200
24.06.2024 01:03:23.885,0.65251,0.6523800000000001,1200,1200
24.06.2024 01:03:23.987,0.65253,0.65239,1200,1200
24.06.2024 01:03:24.939,0.65251,0.65237,1200,1200
24.06.2024 01:03:35.269,0.6525000000000001,0.65237,1200,1200
24.06.2024 01:03:44.498,0.65252,0.65239,3150.0001,1200
24.06.2024 01:03:54.639,0.65254,0.65239,1200,1200
24.06.2024 01:04:17.242,0.65253,0.65239,1200,1200
24.06.2024 01:04:29.187,0.65253,0.6523800000000001,1200,1200
24.06.2024 01:04:37.933,0.65253,0.6524,1200,1200
24.06.2024 01:04:38.539,0.65253,0.6523800000000001,1200,1200
24.06.2024 01:04:53.142,0.65251,0.6523800000000001,1200,1200
24.06.2024 01:04:53.244,0.65252,0.65239,1200,1200
24.06.2024 01:05:00.170,0.65251,0.6523800000000001,1200,1200
24.06.2024 01:05:04.138,0.65252,0.65239,1200,1200
24.06.2024 01:05:07.750,0.65251,0.6523800000000001,1200,1200
24.06.2024 01:05:19.953,0.65252,0.65239,1200,1200
24.06.2024 01:05:22.011,0.65254,0.65239,1200,1200
24.06.2024 01:05:36.762,0.6525500000000001,0.6524,1200,1200
24.06.2024 01:05:47.305,0.6525500000000001,0.65242,1200,1200
24.06.2024 01:05:48.009,0.65256,0.6524,5400.0001,1200
24.06.2024 01:05:59.822,0.65254,0.6524,1200,1200
24.06.2024 01:06:00.224,0.65253,0.65239,1200,1200
24.06.2024 01:06:03.740,0.65252,0.6523800000000001,1200,1200
24.06.2024 01:06:08.258,0.65253,0.65239,5400.0001,1200
24.06.2024 01:06:09.163,0.65252,0.65239,4500,1200
24.06.2024 01:06:09.514,0.65253,0.65239,3599.9999,1200
24.06.2024 01:06:11.270,0.65252,0.6523800000000001,1200,1200
24.06.2024 01:06:21.258,0.65252,0.65239,2250,1200
24.06.2024 01:06:23.516,0.65253,0.65239,1320.0001,1200
24.06.2024 01:06:23.617,0.65252,0.65239,4500,1200
24.06.2024 01:06:24.721,0.65253,0.65239,1200,1200
24.06.2024 01:06:25.827,0.65251,0.65239,2250,1200
24.06.2024 01:06:25.929,0.65252,0.65239,2250,1200
24.06.2024 01:06:26.231,0.65253,0.65239,3150.0001,1200
24.06.2024 01:06:26.565,0.65252,0.65239,2250,1200
24.06.2024 01:06:28.222,0.65253,0.65239,3150.0001,1200
24.06.2024 01:06:31.884,0.65252,0.65239,4500,1200
24.06.2024 01:06:36.151,0.6525000000000001,0.65237,1200,1200
24.06.2024 01:06:38.561,0.65251,0.6523800000000001,1200,1200
24.06.2024 01:06:48.147,0.6525000000000001,0.65237,1200,1200
24.06.2024 01:06:52.462,0.65251,0.6523800000000001,1200,1200
24.06.2024 01:06:58.533,0.6525000000000001,0.65237,1200,1200
24.06.2024 01:07:00.590,0.65251,0.6523800000000001,2250,1200
24.06.2024 01:07:01.392,0.65252,0.6523800000000001,5489.9998,1200
24.06.2024 01:07:01.644,0.65252,0.65237,4500,1200
24.06.2024 01:07:02.647,0.65252,0.6523800000000001,5489.9998,1200
24.06.2024 01:07:12.695,0.65251,0.6523800000000001,2250,1200
24.06.2024 01:07:13.096,0.65252,0.6523800000000001,3240,1200
24.06.2024 01:07:22.874,0.65251,0.6523800000000001,4500,1200
24.06.2024 01:07:23.678,0.65253,0.65237,5400.0001,1200
24.06.2024 01:07:24.080,0.6525000000000001,0.65237,1200,1200
24.06.2024 01:07:30.803,0.65252,0.6523800000000001,5489.9998,1200
24.06.2024 01:07:34.965,0.65252,0.65239,4500,1200
24.06.2024 01:07:35.066,0.65254,0.6523800000000001,1320.0001,1200
24.06.2024 01:07:43.377,0.65252,0.6523800000000001,3150.0001,1200
24.06.2024 01:07:43.831,0.65251,0.6523800000000001,4500,1200
24.06.2024 01:07:44.032,0.65252,0.6523800000000001,1200,1200
24.06.2024 01:07:46.541,0.65251,0.6523800000000001,2250,1200
24.06.2024 01:07:47.295,0.65252,0.65236,3150.0001,1200
24.06.2024 01:07:49.403,0.65252,0.65237,1350,1200
24.06.2024 01:07:49.506,0.65252,0.6523800000000001,1200,1200
24.06.2024 01:07:57.986,0.65253,0.65239,3690.0001,1200
24.06.2024 01:07:59.942,0.65252,0.6523800000000001,1200,1200
24.06.2024 01:08:02.404,0.65253,0.6523800000000001,3690.0001,1200
24.06.2024 01:08:02.656,0.65252,0.6523800000000001,2700,1200
24.06.2024 01:08:03.961,0.65254,0.65237,1200,1200
24.06.2024 01:08:04.213,0.65252,0.6523800000000001,2250,1200
24.06.2024 01:08:05.218,0.65253,0.6523800000000001,3150.0001,1200
24.06.2024 01:08:06.976,0.65254,0.6524,3240,1200
24.06.2024 01:08:07.278,0.65254,0.6524,3270,1200
24.06.2024 01:08:07.379,0.65253,0.65239,1320.0001,1200
24.06.2024 01:08:10.691,0.65252,0.65239,3150.0001,1200
24.06.2024 01:08:24.224,0.65253,0.65239,3150.0001,1200
24.06.2024 01:08:26.688,0.65252,0.65239,2250,1200
24.06.2024 01:08:26.989,0.65254,0.6523800000000001,3150.0001,1200
24.06.2024 01:08:27.241,0.65252,0.65239,4500,1200
24.06.2024 01:08:27.792,0.65253,0.65239,5400.0001,1200
24.06.2024 01:08:28.796,0.65252,0.65239,4500,1200
24.06.2024 01:08:31.254,0.65252,0.6523800000000001,3150.0001,1200
24.06.2024 01:08:36.221,0.65254,0.6524,3150.0001,1200
24.06.2024 01:08:36.322,0.65257,0.65241,1200,1200
24.06.2024 01:08:39.384,0.65254,0.65242,4500,1200
24.06.2024 01:08:39.585,0.6525500000000001,0.65242,4500,1200
24.06.2024 01:08:44.268,0.65254,0.6524,1200,1200
24.06.2024 01:08:44.576,0.65253,0.6524,4500,1200
24.06.2024 01:08:45.278,0.65254,0.6524,5400.0001,1200
24.06.2024 01:08:45.529,0.65253,0.6524,4500,1200
24.06.2024 01:08:45.830,0.65254,0.6524,5489.9998,1200
24.06.2024 01:08:46.332,0.65253,0.6524,4500,1200
24.06.2024 01:08:46.584,0.65254,0.6524,5400.0001,1200
24.06.2024 01:08:47.538,0.65253,0.6524,2250,1200
24.06.2024 01:08:48.340,0.65254,0.6524,3150.0001,1200
24.06.2024 01:08:49.444,0.65253,0.6524,2250,1200
24.06.2024 01:08:50.498,0.65252,0.65239,1200,1200
24.06.2024 01:08:50.901,0.65251,0.6523800000000001,1200,1200
24.06.2024 01:08:55.718,0.65252,0.6523800000000001,1200,1200
24.06.2024 01:08:56.019,0.65253,0.65236,1200,1200
24.06.2024 01:09:22.898,0.65251,0.65236,1200,1200
24.06.2024 01:09:29.423,0.65251,0.65235,2250,1200
24.06.2024 01:09:29.573,0.65251,0.65236,3150.0001,1200
24.06.2024 01:09:30.780,0.6525000000000001,0.65236,1200,1200
24.06.2024 01:09:30.981,0.65252,0.65235,1200,1200
24.06.2024 01:09:34.494,0.6525000000000001,0.65235,1200,1200
24.06.2024 01:09:35.999,0.65249,0.65235,1200,1200
24.06.2024 01:09:44.774,0.6524800000000001,0.6523300000000001,1200,1200
24.06.2024 01:09:46.934,0.65249,0.6523300000000001,1200,1200
24.06.2024 01:09:47.337,0.6525000000000001,0.65235,1200,1200
24.06.2024 01:09:48.793,0.65249,0.65235,1200,1200
24.06.2024 01:09:50.349,0.6524800000000001,0.65234,1200,1320.0001
24.06.2024 01:09:52.508,0.6525000000000001,0.65234,1200,1200
24.06.2024 01:09:55.728,0.6525000000000001,0.65236,1200,1200
24.06.2024 01:10:00.897,0.65251,0.65237,1200,1200
24.06.2024 01:10:01.048,0.65252,0.6523800000000001,1200,1200
24.06.2024 01:10:01.652,0.65254,0.6523800000000001,3150.0001,1200
24.06.2024 01:10:01.905,0.65251,0.6523800000000001,1200,1200
24.06.2024 01:10:01.955,0.6525000000000001,0.65236,1200,1200
24.06.2024 01:10:02.056,0.65252,0.6523800000000001,1200,1200
24.06.2024 01:10:02.157,0.6525000000000001,0.65237,1200,1200
24.06.2024 01:10:02.208,0.65252,0.6523800000000001,1200,1200
24.06.2024 01:10:02.259,0.6525000000000001,0.65236,1200,1200
24.06.2024 01:10:02.511,0.65252,0.6523800000000001,1200,1200
24.06.2024 01:10:02.763,0.6525000000000001,0.65237,1200,1200
24.06.2024 01:10:03.568,0.65249,0.65236,1200,1200
24.06.2024 01:10:03.871,0.6524800000000001,0.65234,1200,1200
24.06.2024 01:10:03.922,0.65247,0.65232,1200,1200
24.06.2024 01:10:05.881,0.65249,0.65235,5400.0001,1200
24.06.2024 01:10:07.386,0.65251,0.65235,1200,1200
24.06.2024 01:10:08.993,0.65249,0.65235,1200,1200
24.06.2024 01:10:10.551,0.6524800000000001,0.65234,1200,1200
24.06.2024 01:10:11.154,0.6524800000000001,0.65235,1200,1200
24.06.2024 01:10:14.519,0.65247,0.6523300000000001,1200,1200
24.06.2024 01:10:21.451,0.65247,0.6523100000000001,1200,1200
24.06.2024 01:10:22.507,0.65247,0.6523300000000001,1200,1200
24.06.2024 01:10:24.214,0.65246,0.65232,1200,1200
24.06.2024 01:10:25.725,0.65247,0.6523300000000001,1200,1200
24.06.2024 01:10:28.186,0.6524800000000001,0.65234,1200,1200
24.06.2024 01:10:29.492,0.6525000000000001,0.65236,1200,1200
24.06.2024 01:10:36.364,0.65251,0.65236,3150.0001,1200
24.06.2024 01:10:38.874,0.65249,0.6523300000000001,1200,1200
24.06.2024 01:10:41.183,0.6524800000000001,0.65235,1200,1200
24.06.2024 01:10:51.267,0.6524800000000001,0.65234,1200,1200
24.06.2024 01:11:05.184,0.6524800000000001,0.65235,1200,1200
24.06.2024 01:11:06.193,0.6525000000000001,0.65235,1200,1200
24.06.2024 01:11:08.905,0.65249,0.65234,1200,1200
24.06.2024 01:11:11.668,0.6524800000000001,0.65234,1200,1200
24.06.2024 01:11:15.984,0.65247,0.65232,1200,1200
24.06.2024 01:11:19.696,0.65247,0.6523300000000001,1200,1200
24.06.2024 01:11:20.149,0.65246,0.6523300000000001,1200,1200
24.06.2024 01:11:31.259,0.65246,0.65232,1200,1200
24.06.2024 01:11:38.586,0.65244,0.6523100000000001,1200,1200
24.06.2024 01:11:44.507,0.6524300000000001,0.6523,1200,1200
24.06.2024 01:11:53.890,0.65242,0.65229,1200,1200
24.06.2024 01:11:54.645,0.65241,0.6522600000000001,1200,1200
24.06.2024 01:11:57.709,0.65242,0.65229,1200,1200
24.06.2024 01:12:02.832,0.6524300000000001,0.65229,1200,1200
24.06.2024 01:12:05.245,0.65244,0.6523,1200,1200
24.06.2024 01:12:05.346,0.65244,0.6522800000000001,1200,1200
24.06.2024 01:12:08.503,0.65244,0.6523,1200,1200
24.06.2024 01:12:19.032,0.6524300000000001,0.65229,1200,1200
24.06.2024 01:12:21.894,0.65244,0.6523,3150.0001,1200
24.06.2024 01:12:21.995,0.6524300000000001,0.65229,1200,1200
24.06.2024 01:12:22.147,0.65242,0.6522800000000001,1200,1200
24.06.2024 01:12:24.004,0.65244,0.6523,3150.0001,1200
24.06.2024 01:12:25.111,0.6524500000000001,0.6523100000000001,1200,1200
24.06.2024 01:12:34.198,0.65246,0.65232,3150.0001,1200
24.06.2024 01:12:35.101,0.6524500000000001,0.6523100000000001,1200,1200
24.06.2024 01:12:43.782,0.65244,0.6523100000000001,2250,1200
24.06.2024 01:12:44.185,0.6524500000000001,0.6523100000000001,5400.0001,1200
24.06.2024 01:12:45.340,0.65244,0.6523100000000001,1200,1200
24.06.2024 01:12:47.801,0.65244,0.6523,1200,1200
24.06.2024 01:12:51.966,0.6524300000000001,0.65229,1200,1200
24.06.2024 01:12:53.876,0.65244,0.65229,1320.0001,1200
24.06.2024 01:13:04.820,0.65242,0.6522800000000001,1200,1200
24.06.2024 01:13:04.925,0.6524300000000001,0.65229,1200,1200
24.06.2024 01:13:06.683,0.65246,0.6523,3150.0001,1200
24.06.2024 01:13:10.946,0.6524500000000001,0.6523,3240,1200
24.06.2024 01:13:11.249,0.65244,0.6523,1200,1200
24.06.2024 01:13:14.162,0.65242,0.6522800000000001,1200,1200
24.06.2024 01:13:18.628,0.65241,0.6522800000000001,4500,1200
24.06.2024 01:13:19.230,0.65242,0.6522800000000001,5489.9998,1200
24.06.2024 01:13:20.484,0.65241,0.6522800000000001,4500,1200
24.06.2024 01:13:21.036,0.6524300000000001,0.65227,5489.9998,1200
24.06.2024 01:13:21.287,0.65241,0.65227,1200,1200
24.06.2024 01:13:27.560,0.6524,0.6522600000000001,1200,1200
24.06.2024 01:13:48.103,0.65242,0.6522600000000001,1200,1200
24.06.2024 01:13:51.569,0.65242,0.6522800000000001,1200,1200
24.06.2024 01:13:51.974,0.65241,0.65227,1200,1200
24.06.2024 01:13:52.075,0.65242,0.6522800000000001,5400.0001,1200
24.06.2024 01:13:52.176,0.65241,0.6522800000000001,4500,1200
24.06.2024 01:13:52.277,0.65241,0.6522600000000001,5400.0001,1200
24.06.2024 01:13:53.082,0.6524,0.6522600000000001,2250,1200
24.06.2024 01:13:53.284,0.65242,0.65225,3150.0001,1200
24.06.2024 01:13:53.485,0.6524,0.65225,1200,1200
24.06.2024 01:13:53.736,0.6524,0.6522600000000001,2250,1200
24.06.2024 01:13:53.787,0.65242,0.65227,1200,1200
24.06.2024 01:13:53.888,0.65241,0.65227,2250,1200
24.06.2024 01:13:54.240,0.6524,0.6522600000000001,1200,1200
24.06.2024 01:13:55.195,0.6523800000000001,0.65225,1200,1200
24.06.2024 01:13:55.948,0.65241,0.6522600000000001,1200,1200
24.06.2024 01:13:56.452,0.65239,0.65225,1200,1200
24.06.2024 01:13:56.553,0.65241,0.65225,3150.0001,1200
24.06.2024 01:13:56.654,0.6523800000000001,0.65224,1200,1200
24.06.2024 01:13:57.459,0.65236,0.65222,1200,1200
24.06.2024 01:13:57.561,0.65236,0.6522,1200,1200
24.06.2024 01:14:02.685,0.65236,0.65222,1200,1200
24.06.2024 01:14:04.792,0.65239,0.65225,1200,1200
24.06.2024 01:14:05.044,0.6524,0.65225,1200,1200
24.06.2024 01:14:07.584,0.6523800000000001,0.65224,1200,1200
24.06.2024 01:14:09.143,0.65237,0.6522300000000001,1200,1200
24.06.2024 01:14:09.495,0.65235,0.6522100000000001,1200,1320.0001
24.06.2024 01:14:09.597,0.65234,0.6522,1200,1320.0001
24.06.2024 01:14:09.748,0.65234,0.6522,1200,1320.0001
24.06.2024 01:14:13.674,0.65232,0.6521800000000001,1200,1320.0001
24.06.2024 01:14:15.983,0.6523,0.6521600000000001,1200,1320.0001
24.06.2024 01:14:16.185,0.6523100000000001,0.65215,1200,1200
24.06.2024 01:14:21.003,0.6523100000000001,0.65217,1200,1200
24.06.2024 01:14:21.254,0.6523,0.6521600000000001,1200,1320.0001
24.06.2024 01:14:21.456,0.65232,0.6521600000000001,1200,1320.0001
24.06.2024 01:14:22.711,0.6523300000000001,0.65217,1200,1200
24.06.2024 01:14:23.416,0.6523300000000001,0.65219,1200,1200
24.06.2024 01:14:23.567,0.65234,0.6522,1200,1200
24.06.2024 01:14:31.676,0.65234,0.65219,1200,1200
24.06.2024 01:14:34.136,0.65234,0.65222,1200,1200
24.06.2024 01:14:35.391,0.65234,0.65219,1200,1200
24.06.2024 01:14:38.100,0.65234,0.6522100000000001,1200,1200
24.06.2024 01:14:40.359,0.6523300000000001,0.6522100000000001,1200,1200
24.06.2024 01:14:47.984,0.6523300000000001,0.6522,1200,1200
24.06.2024 01:14:49.991,0.65234,0.65217,1200,1200
24.06.2024 01:14:50.092,0.65232,0.65217,1200,1200
24.06.2024 01:14:52.504,0.6523300000000001,0.6521600000000001,1200,1320.0001
24.06.2024 01:14:54.563,0.65234,0.6521800000000001,1200,1200
24.06.2024 01:14:57.074,0.65234,0.65217,1200,1200
24.06.2024 01:14:57.124,0.6523100000000001,0.65217,1200,1200
24.06.2024 01:14:59.188,0.6523300000000001,0.65217,1200,1200
24.06.2024 01:14:59.791,0.65234,0.65219,1200,1200
24.06.2024 01:15:00.092,0.65235,0.6522,1200,1200
24.06.2024 01:15:00.193,0.65234,0.65219,1200,1200
24.06.2024 01:15:00.293,0.65234,0.6522,1200,1200
24.06.2024 01:15:00.395,0.65234,0.65222,1200,1200
24.06.2024 01:15:00.647,0.65234,0.6522100000000001,1200,1200
24.06.2024 01:15:01.153,0.6523300000000001,0.6522,1200,1200
24.06.2024 01:15:01.961,0.6523300000000001,0.6522100000000001,1200,1200
24.06.2024 01:15:04.118,0.65232,0.65219,1200,1200
24.06.2024 01:15:04.169,0.6523300000000001,0.6522100000000001,1200,1200
24.06.2024 01:15:06.228,0.6523100000000001,0.65219,1200,1200
24.06.2024 01:15:06.278,0.6523,0.65217,1200,1200
24.06.2024 01:15:07.986,0.65229,0.65215,1200,1200
24.06.2024 01:15:08.690,0.65227,0.65215,1200,1200
24.06.2024 01:15:09.947,0.65227,0.6521399999999999,1200,1200
24.06.2024 01:15:09.998,0.6522600000000001,0.65212,1200,1200
24.06.2024 01:15:10.099,0.65224,0.6521100000000001,1200,1200
24.06.2024 01:15:10.402,0.6522300000000001,0.6521,1200,1200
24.06.2024 01:15:10.603,0.65225,0.65212,1200,1200
24.06.2024 01:15:14.921,0.65224,0.6521100000000001,1200,1200
24.06.2024 01:15:15.123,0.65225,0.65212,1200,1200
24.06.2024 01:15:16.027,0.65225,0.6521,1200,1320.0001
24.06.2024 01:15:16.128,0.65225,0.65212,1200,1200
24.06.2024 01:15:18.447,0.65224,0.6521,1200,1200
24.06.2024 01:15:19.955,0.65224,0.65212,1200,1200
24.06.2024 01:15:20.158,0.65224,0.6521,1200,1320.0001
24.06.2024 01:15:20.209,0.6522300000000001,0.6520800000000001,1200,1200
24.06.2024 01:15:20.310,0.6522,0.6520600000000001,1200,1320.0001
24.06.2024 01:15:20.412,0.6522100000000001,0.6520800000000001,1200,1200
24.06.2024 01:15:24.277,0.65224,0.6521100000000001,1200,1200
24.06.2024 01:15:28.444,0.65225,0.65212,1200,1200
24.06.2024 01:15:28.545,0.6522600000000001,0.6521300000000001,1200,1200
24.06.2024 01:15:29.350,0.65224,0.6521100000000001,1200,1320.0001
24.06.2024 01:15:29.703,0.6522300000000001,0.6521,1200,1200
24.06.2024 01:15:30.105,0.6522300000000001,0.6520800000000001,1200,1320.0001
24.06.2024 01:15:30.808,0.6522300000000001,0.6520800000000001,1200,1320.0001
24.06.2024 01:15:31.210,0.65222,0.65207,1200,1320.0001
24.06.2024 01:15:31.562,0.65222,0.65207,1200,1320.0001
24.06.2024 01:15:32.165,0.6522100000000001,0.6520600000000001,1200,1320.0001
24.06.2024 01:15:32.266,0.6522,0.65205,1200,1320.0001
24.06.2024 01:15:32.518,0.6522,0.65205,1200,1320.0001
24.06.2024 01:15:32.833,0.6522100000000001,0.65204,1200,1320.0001
24.06.2024 01:15:32.987,0.6522,0.65205,1200,1320.0001
24.06.2024 01:15:33.544,0.6522,0.65205,1200,1320.0001
24.06.2024 01:15:34.047,0.6522100000000001,0.6520600000000001,1200,1320.0001
24.06.2024 01:15:35.558,0.6522100000000001,0.6520600000000001,1200,1320.0001
24.06.2024 01:15:37.268,0.6522,0.65205,1200,1320.0001
24.06.2024 01:15:38.274,0.6522,0.65205,1200,1320.0001
24.06.2024 01:15:38.324,0.6521800000000001,0.65203,1200,1320.0001
24.06.2024 01:15:41.594,0.6521800000000001,0.65203,1200,1200
24.06.2024 01:15:42.098,0.6522,0.65205,1200,1200
24.06.2024 01:15:42.199,0.6522100000000001,0.6520600000000001,1200,1200
24.06.2024 01:15:42.350,0.6522,0.65205,1200,1200
24.06.2024 01:15:42.451,0.65222,0.65205,1200,1320.0001
24.06.2024 01:15:43.709,0.65222,0.65207,1200,1200
24.06.2024 01:15:45.771,0.65222,0.65207,1200,1320.0001
24.06.2024 01:15:45.872,0.6522300000000001,0.6520800000000001,1200,1320.0001
24.06.2024 01:15:50.544,0.6522100000000001,0.6520600000000001,1200,1320.0001
24.06.2024 01:15:51.499,0.65222,0.65207,1200,1320.0001
24.06.2024 01:15:51.851,0.65222,0.65207,1200,1320.0001
24.06.2024 01:15:52.418,0.6522300000000001,0.6520600000000001,1200,1320.0001
24.06.2024 01:15:55.132,0.65222,0.65205,1200,1320.0001
24.06.2024 01:15:55.986,0.65222,0.65207,1200,1320.0001
24.06.2024 01:15:56.840,0.6522100000000001,0.6520600000000001,1200,1320.0001
24.06.2024 01:15:57.744,0.65222,0.65205,1200,1320.0001
24.06.2024 01:15:57.845,0.6522,0.65205,1200,1320.0001
24.06.2024 01:15:58.201,0.6522100000000001,0.6520600000000001,1200,5520
24.06.2024 01:16:00.211,0.6522100000000001,0.6520600000000001,1200,1320.0001
24.06.2024 01:16:00.363,0.6522,0.65205,1200,1320.0001
24.06.2024 01:16:04.428,0.6522100000000001,0.65204,1200,1320.0001
24.06.2024 01:16:05.936,0.65219,0.65204,1200,1320.0001
24.06.2024 01:16:06.188,0.6522,0.65203,1200,1320.0001
24.06.2024 01:16:13.019,0.6522,0.65207,1200,1320.0001
24.06.2024 01:16:14.274,0.6522100000000001,0.6520800000000001,1200,1320.0001
24.06.2024 01:16:16.030,0.65222,0.65207,1200,1320.0001
24.06.2024 01:16:16.231,0.6522300000000001,0.6520600000000001,1200,1320.0001
24.06.2024 01:16:17.137,0.6522100000000001,0.65204,1200,1320.0001
24.06.2024 01:16:17.389,0.6522,0.65205,1200,1320.0001
24.06.2024 01:16:18.142,0.6522,0.65205,1200,1320.0001
24.06.2024 01:16:20.953,0.6522,0.65205,1200,1320.0001
24.06.2024 01:16:21.456,0.6522100000000001,0.65204,1200,1320.0001
24.06.2024 01:16:25.824,0.6522,0.65205,1200,1320.0001
24.06.2024 01:16:25.975,0.65219,0.65204,1200,1320.0001
24.06.2024 01:16:26.176,0.65219,0.65204,1200,1320.0001
24.06.2024 01:16:27.233,0.65219,0.65204,1200,1320.0001
24.06.2024 01:16:27.435,0.6522,0.65205,1200,1320.0001
24.06.2024 01:16:27.637,0.6522,0.65205,1200,1320.0001
24.06.2024 01:16:29.747,0.65219,0.65204,1200,1320.0001
24.06.2024 01:16:30.099,0.65217,0.65202,1200,2369.9999
24.06.2024 01:16:30.150,0.65219,0.65204,1200,1320.0001
24.06.2024 01:16:30.703,0.65217,0.65203,1200,1200
24.06.2024 01:16:31.963,0.6521800000000001,0.6520100000000001,1200,1320.0001
24.06.2024 01:16:34.522,0.6521800000000001,0.65203,1200,1200
24.06.2024 01:16:34.824,0.65217,0.65202,1200,1320.0001
24.06.2024 01:16:35.125,0.65217,0.65202,1200,1320.0001
24.06.2024 01:16:40.344,0.65217,0.65203,1200,1200
24.06.2024 01:16:41.762,0.65217,0.65204,1200,1200
24.06.2024 01:16:44.220,0.6521600000000001,0.65202,1200,1200
24.06.2024 01:16:46.230,0.65217,0.65203,1200,1200
24.06.2024 01:16:46.382,0.6521600000000001,0.65202,1200,1200
24.06.2024 01:16:46.635,0.65215,0.6520100000000001,1200,1200
24.06.2024 01:16:47.388,0.6521300000000001,0.652,1200,1200
24.06.2024 01:16:49.346,0.65215,0.65199,1200,1200
24.06.2024 01:16:51.708,0.6521800000000001,0.65204,1200,1200
24.06.2024 01:16:51.860,0.65217,0.65202,1200,1200
24.06.2024 01:16:53.919,0.65215,0.65202,1200,1200
24.06.2024 01:16:55.626,0.6521399999999999,0.6520100000000001,1200,1320.0001
24.06.2024 01:16:57.283,0.6521600000000001,0.6520100000000001,1200,1320.0001
24.06.2024 01:16:57.585,0.6521399999999999,0.65199,1200,1320.0001
24.06.2024 01:17:00.345,0.65215,0.65198,1200,1320.0001
24.06.2024 01:17:00.799,0.6521399999999999,0.65199,1200,1320.0001
24.06.2024 01:17:05.669,0.65215,0.65199,1200,1320.0001
24.06.2024 01:17:05.770,0.65215,0.65197,1200,1320.0001
24.06.2024 01:17:06.072,0.6521300000000001,0.65198,1200,1320.0001
24.06.2024 01:17:06.475,0.6521300000000001,0.65198,1200,1320.0001
24.06.2024 01:17:06.878,0.6521100000000001,0.65197,1200,1320.0001
24.06.2024 01:17:07.231,0.6521100000000001,0.65197,1200,1320.0001
24.06.2024 01:17:08.034,0.6521100000000001,0.65197,1200,1320.0001
24.06.2024 01:17:09.340,0.6521100000000001,0.65197,1200,1320.0001
24.06.2024 01:17:09.541,0.65212,0.65197,1200,1320.0001
24.06.2024 01:17:09.794,0.6521399999999999,0.65199,1200,1320.0001
24.06.2024 01:17:10.146,0.6521399999999999,0.65197,1200,1320.0001
24.06.2024 01:17:10.298,0.6521399999999999,0.65197,1200,1320.0001
24.06.2024 01:17:10.399,0.65212,0.65197,1200,1320.0001
24.06.2024 01:17:10.550,0.65212,0.65197,1200,1320.0001
24.06.2024 01:17:10.701,0.65212,0.65197,1200,1200
24.06.2024 01:17:11.607,0.6521300000000001,0.6519600000000001,1200,1320.0001
24.06.2024 01:17:12.562,0.65212,0.65197,1200,1320.0001
24.06.2024 01:17:13.566,0.6521300000000001,0.6519600000000001,1200,1320.0001
24.06.2024 01:17:14.420,0.65212,0.65197,1200,1320.0001
24.06.2024 01:17:15.827,0.6521100000000001,0.6519600000000001,1200,1320.0001
24.06.2024 01:17:21.298,0.6521,0.6519600000000001,1200,1320.0001
24.06.2024 01:17:21.499,0.6521100000000001,0.6519600000000001,1200,1320.0001
24.06.2024 01:17:22.001,0.65209,0.65194,1200,1320.0001
24.06.2024 01:17:23.358,0.65209,0.65194,1200,1320.0001
24.06.2024 01:17:23.459,0.6521,0.65195,1200,1320.0001
24.06.2024 01:17:23.560,0.6521100000000001,0.6519600000000001,1200,1320.0001
24.06.2024 01:17:24.065,0.6521,0.65193,1200,1320.0001
24.06.2024 01:17:24.368,0.6521,0.65195,1200,1320.0001
24.06.2024 01:17:27.144,0.6521,0.65195,1200,1320.0001
24.06.2024 01:17:27.545,0.6521,0.65195,1200,1320.0001
24.06.2024 01:17:33.176,0.6521100000000001,0.6519600000000001,1200,1200
24.06.2024 01:17:36.839,0.6521,0.65195,1200,1320.0001
24.06.2024 01:17:37.995,0.6520800000000001,0.65193,1200,1320.0001
24.06.2024 01:17:38.999,0.6520800000000001,0.65193,1200,1320.0001
24.06.2024 01:17:40.404,0.6520800000000001,0.65194,1200,1200
24.06.2024 01:17:40.505,0.6521100000000001,0.65195,1200,1320.0001
24.06.2024 01:17:40.606,0.65212,0.6519600000000001,1200,1200
24.06.2024 01:17:42.263,0.6521300000000001,0.65197,1200,1200
24.06.2024 01:17:42.965,0.65215,0.65197,1200,1320.0001
24.06.2024 01:17:43.016,0.65217,0.6520100000000001,3150.0001,1200
24.06.2024 01:17:43.318,0.65217,0.65202,1200,1200
24.06.2024 01:17:43.871,0.6521600000000001,0.652,1200,1320.0001
24.06.2024 01:17:45.179,0.6521600000000001,0.65199,1200,1200
24.06.2024 01:17:45.480,0.65215,0.6520100000000001,1200,1200
24.06.2024 01:17:48.242,0.65217,0.65203,1200,1200
24.06.2024 01:17:49.195,0.6521600000000001,0.65203,1200,1200
24.06.2024 01:17:50.097,0.6521800000000001,0.65204,1200,1200
24.06.2024 01:17:50.148,0.65217,0.65202,1200,1200
24.06.2024 01:17:51.555,0.6521600000000001,0.652,1200,1200
24.06.2024 01:17:54.072,0.65215,0.65199,1200,1200
24.06.2024 01:17:55.030,0.6521600000000001,0.652,1200,1200
24.06.2024 01:17:55.181,0.65217,0.6520100000000001,1200,1200
24.06.2024 01:17:55.533,0.6521600000000001,0.652,1200,1320.0001
24.06.2024 01:18:00.099,0.6521800000000001,0.6520100000000001,1200,1200
24.06.2024 01:18:00.652,0.6521600000000001,0.6520100000000001,1200,1200
24.06.2024 01:18:01.205,0.65217,0.65202,1200,1200
24.06.2024 01:18:07.934,0.65219,0.65204,1200,1200
24.06.2024 01:18:08.688,0.6521800000000001,0.65203,1200,1200
24.06.2024 01:18:15.971,0.6522,0.65202,1200,1200
24.06.2024 01:18:16.973,0.65219,0.6520100000000001,1200,1320.0001
24.06.2024 01:18:17.092,0.65217,0.65203,1200,1200
24.06.2024 01:18:24.974,0.6521800000000001,0.65204,1200,1200
24.06.2024 01:18:27.033,0.65219,0.65205,1200,1200
24.06.2024 01:18:30.047,0.6522,0.6520600000000001,1200,1200
24.06.2024 01:18:31.252,0.65219,0.65205,1200,1200
24.06.2024 01:18:31.604,0.6522100000000001,0.65207,1320.0001,1200
24.06.2024 01:18:32.709,0.6522,0.65207,1200,1200
24.06.2024 01:18:33.815,0.65222,0.65209,1200,1200
24.06.2024 01:18:34.468,0.6522100000000001,0.65207,1200,1200
24.06.2024 01:18:38.283,0.6522300000000001,0.65207,1200,1200
24.06.2024 01:18:38.887,0.65222,0.65209,1200,1200
24.06.2024 01:18:46.222,0.65225,0.65209,1200,1200
24.06.2024 01:18:46.623,0.6522300000000001,0.6521,1200,1200
24.06.2024 01:18:49.584,0.65222,0.65209,1200,1200
24.06.2024 01:18:58.668,0.6522300000000001,0.6520800000000001,1320.0001,1200
24.06.2024 01:19:00.124,0.6522300000000001,0.65209,5400.0001,1200
24.06.2024 01:19:02.536,0.65222,0.65209,1200,1200
24.06.2024 01:19:12.209,0.65222,0.6520600000000001,1200,1200
24.06.2024 01:19:12.612,0.6522,0.6520600000000001,1200,1200
24.06.2024 01:19:13.065,0.6522,0.65205,1200,1200
24.06.2024 01:19:13.317,0.6522100000000001,0.6520600000000001,1320.0001,1200
24.06.2024 01:19:18.687,0.65222,0.6520600000000001,2339.9999,1200
24.06.2024 01:19:19.440,0.6522,0.65204,1200,1200
24.06.2024 01:19:19.541,0.6521800000000001,0.65204,1200,1200
24.06.2024 01:19:19.895,0.6521800000000001,0.65205,1200,1200
24.06.2024 01:19:20.698,0.65219,0.65205,1200,1200
24.06.2024 01:19:22.202,0.6522,0.6520600000000001,1200,1200
24.06.2024 01:19:24.058,0.6522100000000001,0.6520800000000001,1200,1200
24.06.2024 01:19:26.570,0.65224,0.6521,1200,1200
24.06.2024 01:19:27.474,0.6522300000000001,0.65209,1200,1200
24.06.2024 01:19:27.977,0.65224,0.6521,1200,1200
24.06.2024 01:19:32.595,0.6522300000000001,0.6521,1200,1200
24.06.2024 01:19:33.649,0.65222,0.65209,1200,1200
24.06.2024 01:19:41.264,0.6522100000000001,0.6520800000000001,1200,1200
24.06.2024 01:19:49.196,0.6522300000000001,0.6521,1200,1200
24.06.2024 01:19:56.068,0.65222,0.65209,1200,1200
24.06.2024 01:20:00.184,0.65224,0.6520800000000001,1200,1200
24.06.2024 01:20:01.088,0.65225,0.65209,1200,1200
24.06.2024 01:20:02.895,0.6522300000000001,0.65209,1200,1200
24.06.2024 01:20:03.497,0.65224,0.6521,1200,1200
24.06.2024 01:20:03.598,0.65225,0.6521100000000001,3240,1200
24.06.2024 01:20:04.453,0.65224,0.6521100000000001,1200,1200
24.06.2024 01:20:05.257,0.65224,0.6520800000000001,1200,1200
24.06.2024 01:20:05.960,0.6522300000000001,0.6521,1200,1200
24.06.2024 01:20:07.423,0.6522300000000001,0.6520800000000001,1200,1200
24.06.2024 01:20:07.524,0.6522300000000001,0.65209,1200,1200
24.06.2024 01:20:07.626,0.6522300000000001,0.65207,1200,1200
24.06.2024 01:20:09.282,0.6522100000000001,0.65207,1200,1200
24.06.2024 01:20:09.332,0.6522,0.65204,1200,1200
24.06.2024 01:20:09.484,0.65219,0.65204,1200,1200
24.06.2024 01:20:11.041,0.6522,0.6520600000000001,1200,1200
24.06.2024 01:20:11.242,0.65219,0.65205,1200,1200
24.06.2024 01:20:12.696,0.6522,0.6520600000000001,1200,1200
24.06.2024 01:20:16.608,0.65219,0.65205,1200,1200
24.06.2024 01:20:20.869,0.6522,0.6520600000000001,1320.0001,1200
24.06.2024 01:20:21.272,0.65219,0.6520600000000001,1200,1200
24.06.2024 01:20:24.234,0.6521800000000001,0.65204,1200,1200
24.06.2024 01:20:25.239,0.6522,0.65205,3240,1200
24.06.2024 01:20:25.741,0.6522,0.65204,2700,1200
24.06.2024 01:20:26.094,0.6522,0.65205,3240,1200
24.06.2024 01:20:27.751,0.6522,0.65204,2250,1200
24.06.2024 01:20:28.053,0.6522,0.65205,3240,1200
24.06.2024 01:20:30.662,0.6522100000000001,0.65207,5489.9998,1200
24.06.2024 01:20:32.219,0.65222,0.65207,3240,1200
24.06.2024 01:20:32.420,0.65222,0.6520600000000001,2250,1200
24.06.2024 01:20:33.223,0.65222,0.65207,3240,1200
24.06.2024 01:20:34.379,0.6522100000000001,0.65207,4500,1200
24.06.2024 01:20:35.986,0.6522300000000001,0.6520600000000001,3240,1200
24.06.2024 01:20:36.388,0.6522100000000001,0.65207,2250,1200
24.06.2024 01:20:37.992,0.65222,0.65207,1320.0001,1200
24.06.2024 01:20:38.294,0.6522100000000001,0.65207,2339.9999,1200
24.06.2024 01:20:39.600,0.65222,0.65207,3240,1200
24.06.2024 01:20:41.104,0.6522100000000001,0.65207,4500,1200
24.06.2024 01:20:51.083,0.6522,0.65207,4500,1200
24.06.2024 01:20:51.184,0.6522,0.65205,5489.9998,1200
24.06.2024 01:20:51.587,0.65219,0.65205,2250,1200
24.06.2024 01:20:54.998,0.6522,0.65205,5489.9998,1200
24.06.2024 01:20:55.501,0.65219,0.65205,3150.0001,1200
24.06.2024 01:21:00.119,0.6521800000000001,0.65204,1200,1200
24.06.2024 01:21:00.622,0.6521800000000001,0.65203,1200,1200
24.06.2024 01:21:03.685,0.65217,0.65203,1200,1200
24.06.2024 01:21:04.087,0.65217,0.65202,2250,1200
24.06.2024 01:21:04.289,0.6521800000000001,0.65202,1320.0001,1200
24.06.2024 01:21:04.892,0.6521800000000001,0.65203,1320.0001,1200
24.06.2024 01:21:05.194,0.65217,0.65202,1200,1200
24.06.2024 01:21:05.345,0.65219,0.65205,4619.9999,1200
24.06.2024 01:21:05.446,0.6522,0.65205,5489.9998,1200
24.06.2024 01:21:05.848,0.6522,0.6520600000000001,5489.9998,1200
24.06.2024 01:21:05.949,0.65219,0.6520600000000001,4500,1200
24.06.2024 01:21:06.200,0.6522,0.6520600000000001,4500,1200
24.06.2024 01:21:06.402,0.6522100000000001,0.6520600000000001,5400.0001,1200
24.06.2024 01:21:06.753,0.6522,0.6520600000000001,4500,1200
24.06.2024 01:21:06.954,0.6522,0.65207,4500,1200
24.06.2024 01:21:07.105,0.6522100000000001,0.65207,5400.0001,1200
24.06.2024 01:21:08.610,0.65222,0.6520800000000001,1200,1200
24.06.2024 01:21:12.222,0.65222,0.6520800000000001,3270,1200
24.06.2024 01:21:12.273,0.6522,0.6520600000000001,2250,1200
24.06.2024 01:21:12.826,0.65219,0.6520600000000001,4590.0002,1200
24.06.2024 01:21:13.231,0.6522,0.65204,5489.9998,1200
24.06.2024 01:21:19.507,0.65219,0.65205,3270,1200
24.06.2024 01:21:20.412,0.6522,0.65204,3240,1200
24.06.2024 01:21:20.714,0.6522,0.65205,2250,1200
24.06.2024 01:21:21.015,0.6522100000000001,0.6520600000000001,3270,1200
24.06.2024 01:21:22.169,0.65222,0.65205,3240,1200
24.06.2024 01:21:22.320,0.6522100000000001,0.6520800000000001,2250,1200
24.06.2024 01:21:22.371,0.6522300000000001,0.6520800000000001,1200,1200
24.06.2024 01:21:23.225,0.65222,0.6520800000000001,2250,1200
24.06.2024 01:21:23.527,0.6522300000000001,0.6520800000000001,3150.0001,1200
24.06.2024 01:21:23.880,0.65224,0.65207,3270,1200
24.06.2024 01:21:24.082,0.6522300000000001,0.6520600000000001,2369.9999,1200
24.06.2024 01:21:25.237,0.65224,0.6520600000000001,5520,1200
24.06.2024 01:21:25.439,0.65224,0.6520600000000001,5489.9998,1200
24.06.2024 01:21:25.640,0.65224,0.6520600000000001,1320.0001,1200
24.06.2024 01:21:26.946,0.65225,0.6520800000000001,3150.0001,1200
24.06.2024 01:21:27.248,0.65224,0.6520800000000001,2250,1200
24.06.2024 01:21:28.001,0.65224,0.65207,3150.0001,1200
24.06.2024 01:21:28.252,0.65224,0.6520600000000001,2250,1200
24.06.2024 01:21:28.353,0.65224,0.65207,3150.0001,1200
24.06.2024 01:21:30.710,0.65225,0.6520800000000001,3150.0001,1200
24.06.2024 01:21:33.669,0.65224,0.6520800000000001,1350,1200
24.06.2024 01:21:35.074,0.6522300000000001,0.6520800000000001,2790,1200
24.06.2024 01:21:35.275,0.65224,0.65205,3690.0001,1200
24.06.2024 01:21:43.401,0.65224,0.65207,1320.0001,1200
24.06.2024 01:21:50.379,0.6522600000000001,0.65207,5489.9998,1200
24.06.2024 01:21:51.184,0.6522600000000001,0.65209,5400.0001,1200
24.06.2024 01:21:51.285,0.65227,0.6521,3240,1200
24.06.2024 01:21:51.386,0.6522800000000001,0.6521100000000001,3270,1200
24.06.2024 01:21:52.290,0.65227,0.6521,1320.0001,1200
24.06.2024 01:22:00.725,0.6522600000000001,0.6521,4500,1200
24.06.2024 01:22:00.927,0.65227,0.6521,1320.0001,1200
24.06.2024 01:22:04.995,0.6522600000000001,0.6521,2250,1200
24.06.2024 01:22:05.297,0.65227,0.6521,1320.0001,1200
24.06.2024 01:22:07.605,0.6522800000000001,0.65212,4500,1200
24.06.2024 01:22:07.706,0.65229,0.6521300000000001,2250,1200
24.06.2024 01:22:07.911,0.6523,0.6521300000000001,1200,1200
24.06.2024 01:22:12.396,0.65229,0.6521300000000001,2250,1200
24.06.2024 01:22:12.700,0.6523,0.6521300000000001,3150.0001,1200
24.06.2024 01:22:14.106,0.65229,0.6521300000000001,1200,1200
24.06.2024 01:22:14.257,0.6522800000000001,0.6521100000000001,1320.0001,1200
24.06.2024 01:22:15.161,0.6522800000000001,0.65212,4500,1200
24.06.2024 01:22:15.262,0.65229,0.65212,5489.9998,1200
24.06.2024 01:22:19.329,0.65227,0.6521,1200,1320.0001
24.06.2024 01:22:20.534,0.65224,0.65209,1200,1320.0001
24.06.2024 01:22:22.894,0.6522300000000001,0.6520800000000001,1200,1320.0001
24.06.2024 01:22:22.995,0.65224,0.65207,1200,1320.0001
24.06.2024 01:22:23.497,0.6522800000000001,0.6521399999999999,1200,1200
24.06.2024 01:22:23.598,0.6522600000000001,0.6521100000000001,1200,1320.0001
24.06.2024 01:22:23.699,0.6522300000000001,0.65209,1200,1320.0001
24.06.2024 01:22:23.750,0.6522300000000001,0.65209,1200,1320.0001
24.06.2024 01:22:23.952,0.6522300000000001,0.65209,1200,1320.0001
24.06.2024 01:22:36.004,0.65222,0.6520800000000001,1200,1200
24.06.2024 01:22:39.516,0.6522100000000001,0.65209,1200,1200
24.06.2024 01:22:39.568,0.6522300000000001,0.6521100000000001,1200,1200
24.06.2024 01:22:40.072,0.65222,0.65209,1200,1200
24.06.2024 01:22:44.470,0.6522,0.6520800000000001,1200,1200
24.06.2024 01:22:44.622,0.65222,0.6520800000000001,1200,1200
24.06.2024 01:22:51.249,0.6522300000000001,0.65209,1200,1200
24.06.2024 01:22:58.371,0.6522300000000001,0.6520600000000001,1200,1320.0001
24.06.2024 01:22:59.427,0.6522100000000001,0.6520600000000001,1200,1320.0001
24.06.2024 01:23:01.737,0.6522100000000001,0.6520600000000001,1200,1320.0001
24.06.2024 01:23:02.390,0.6522100000000001,0.6520600000000001,1200,1320.0001
24.06.2024 01:23:12.234,0.6522300000000001,0.6520600000000001,1200,1200
24.06.2024 01:23:13.040,0.6522300000000001,0.6520800000000001,1200,1200
24.06.2024 01:23:14.162,0.65222,0.65207,1200,1200
24.06.2024 01:23:14.315,0.6522100000000001,0.6520600000000001,1200,1200
24.06.2024 01:23:17.577,0.65222,0.65207,1200,1200
24.06.2024 01:23:21.790,0.65222,0.65205,1200,1200
24.06.2024 01:23:24.149,0.65222,0.65207,1200,1200
24.06.2024 01:23:34.937,0.65222,0.65205,1200,1200
24.06.2024 01:23:39.151,0.6522,0.6520600000000001,1200,1200
24.06.2024 01:23:51.286,0.6522100000000001,0.6520600000000001,1200,1200
24.06.2024 01:24:00.119,0.6522,0.65205,1200,1200
24.06.2024 01:24:01.273,0.6522100000000001,0.65207,1200,1200
24.06.2024 01:24:01.677,0.6522,0.6520600000000001,1200,1320.0001
24.06.2024 01:24:01.778,0.65222,0.6520800000000001,1200,1200
24.06.2024 01:24:01.883,0.6522300000000001,0.65209,1200,1200
24.06.2024 01:24:06.299,0.6522300000000001,0.6520800000000001,1200,1200
24.06.2024 01:24:08.356,0.65224,0.65209,1200,1320.0001
24.06.2024 01:24:08.457,0.6522600000000001,0.65209,1200,1200
24.06.2024 01:24:08.960,0.65224,0.6521,1200,1200
24.06.2024 01:24:09.362,0.65225,0.6521100000000001,1200,1200
24.06.2024 01:24:12.825,0.65225,0.65209,1200,1200
24.06.2024 01:24:13.077,0.65222,0.6520800000000001,1200,1200
24.06.2024 01:24:13.279,0.6522300000000001,0.65209,1200,1200
24.06.2024 01:24:22.572,0.65222,0.6520800000000001,1200,1200
24.06.2024 01:24:27.343,0.65224,0.65209,1200,1200
24.06.2024 01:24:27.496,0.65225,0.6521,1200,1200
24.06.2024 01:24:28.752,0.65224,0.6521,1200,1200
24.06.2024 01:24:30.056,0.6522300000000001,0.6520800000000001,1200,1320.0001
24.06.2024 01:24:33.118,0.65224,0.65209,1200,1200
24.06.2024 01:24:38.540,0.6522300000000001,0.6520800000000001,1200,1320.0001
24.06.2024 01:24:39.244,0.65222,0.6520800000000001,1200,1320.0001
24.06.2024 01:24:41.754,0.65222,0.6520800000000001,1200,1200
24.06.2024 01:24:44.816,0.6522300000000001,0.65209,1200,1200
24.06.2024 01:24:57.542,0.65222,0.6520800000000001,1200,1200
24.06.2024 01:24:57.847,0.65222,0.6520600000000001,1200,1200
24.06.2024 01:24:58.049,0.65222,0.6520800000000001,1200,1200
24.06.2024 01:24:58.702,0.6522100000000001,0.65207,1200,1200
24.06.2024 01:25:00.207,0.6522300000000001,0.6520800000000001,1200,1200
24.06.2024 01:25:00.710,0.65224,0.65209,1200,1200
24.06.2024 01:25:02.316,0.65225,0.65209,1200,1200
24.06.2024 01:25:03.925,0.65224,0.65209,1200,1200
24.06.2024 01:25:04.226,0.65224,0.6521,1200,1200
24.06.2024 01:25:04.377,0.6522300000000001,0.65209,1200,1320.0001
24.06.2024 01:25:07.840,0.65225,0.6521,1200,1200
24.06.2024 01:25:14.616,0.65227,0.6521100000000001,1200,1200
24.06.2024 01:25:20.941,0.65227,0.65212,1200,1200
24.06.2024 01:25:30.730,0.6522600000000001,0.6521100000000001,1200,1200
24.06.2024 01:25:36.817,0.65227,0.65212,1200,1200
24.06.2024 01:25:41.285,0.65227,0.6521100000000001,1200,1200
24.06.2024 01:25:51.124,0.6522600000000001,0.6521100000000001,1200,1200
24.06.2024 01:26:03.873,0.65229,0.6521399999999999,1200,1200
24.06.2024 01:26:15.186,0.6523100000000001,0.65215,1200,1200
24.06.2024 01:26:26.677,0.6523100000000001,0.6521399999999999,1200,1200
24.06.2024 01:26:26.778,0.65232,0.6521600000000001,3150.0001,1200
24.06.2024 01:26:26.829,0.65235,0.65219,1200,1200
24.06.2024 01:26:26.930,0.65235,0.65217,1200,1200
24.06.2024 01:26:30.143,0.65234,0.65219,1200,1200
24.06.2024 01:26:30.395,0.6523300000000001,0.6521800000000001,1200,1200
24.06.2024 01:26:30.497,0.65232,0.65217,1200,1200
24.06.2024 01:26:38.979,0.6523100000000001,0.6521600000000001,1200,1200
24.06.2024 01:26:39.783,0.65232,0.65217,1200,1200
24.06.2024 01:26:41.289,0.65234,0.6521600000000001,1200,1200
24.06.2024 01:26:42.043,0.65232,0.6521600000000001,1200,1200
24.06.2024 01:26:42.144,0.65232,0.65217,1200,1200
24.06.2024 01:26:42.245,0.65232,0.65215,1200,1200
24.06.2024 01:26:43.751,0.65232,0.65217,1200,1200
24.06.2024 01:26:44.322,0.65234,0.6521800000000001,1200,1200
24.06.2024 01:26:56.913,0.6523300000000001,0.6521800000000001,1200,1200
24.06.2024 01:26:57.115,0.65235,0.6522,4500,1200
24.06.2024 01:26:57.266,0.65236,0.6522,1200,1200
24.06.2024 01:26:59.774,0.65237,0.65222,1200,1200
24.06.2024 01:27:01.480,0.6523800000000001,0.6522300000000001,1200,1200
24.06.2024 01:27:01.581,0.65237,0.65222,1200,1200
24.06.2024 01:27:03.991,0.6523800000000001,0.6522300000000001,1200,1200
24.06.2024 01:27:04.343,0.65237,0.6522,1200,1200
24.06.2024 01:27:07.558,0.65237,0.65222,1200,1200
24.06.2024 01:27:08.261,0.65235,0.6522,1200,1200
24.06.2024 01:27:08.664,0.6523800000000001,0.6522,1200,1200
24.06.2024 01:27:09.318,0.6523800000000001,0.6522100000000001,1200,1200
24.06.2024 01:27:11.276,0.65237,0.6522100000000001,1200,1200
24.06.2024 01:27:19.277,0.6524,0.65222,1200,1200
24.06.2024 01:27:21.284,0.65239,0.65224,1200,1200
24.06.2024 01:27:22.539,0.6524,0.65225,1200,1200
24.06.2024 01:27:26.205,0.6524,0.6522600000000001,1200,1200
24.06.2024 01:27:33.930,0.65239,0.65224,1200,1200
24.06.2024 01:27:34.484,0.65241,0.65224,1200,1200
24.06.2024 01:27:42.165,0.65239,0.65224,1200,1200
24.06.2024 01:27:49.443,0.6523800000000001,0.6522300000000001,1200,1200
24.06.2024 01:27:55.043,0.65239,0.6522300000000001,1200,1200
24.06.2024 01:27:56.549,0.65239,0.65224,1200,1200
24.06.2024 01:27:58.606,0.65239,0.6522300000000001,1200,1200
24.06.2024 01:27:59.360,0.6523800000000001,0.6522300000000001,1200,1200
24.06.2024 01:28:00.867,0.65239,0.65224,1200,1200
24.06.2024 01:28:01.621,0.6524,0.65225,1200,1200
24.06.2024 01:28:02.125,0.65239,0.65225,1200,1200
24.06.2024 01:28:02.226,0.65239,0.65224,1200,1200
24.06.2024 01:28:03.883,0.65241,0.65227,2250,1200
24.06.2024 01:28:04.034,0.6524300000000001,0.6522600000000001,1320.0001,1200
24.06.2024 01:28:04.587,0.6524,0.6522600000000001,1200,1200
24.06.2024 01:28:08.252,0.65239,0.65224,1200,1200
24.06.2024 01:28:08.555,0.6524,0.6522600000000001,1200,1200
24.06.2024 01:28:10.263,0.6523800000000001,0.65224,1200,1200
24.06.2024 01:28:13.581,0.65237,0.65224,1200,1200
24.06.2024 01:28:14.335,0.65239,0.65225,1200,1200
24.06.2024 01:28:15.189,0.65239,0.6522300000000001,1200,1200
24.06.2024 01:28:15.892,0.65239,0.65224,1200,1200
24.06.2024 01:28:22.412,0.6524,0.6522600000000001,1200,1200
24.06.2024 01:28:27.004,0.6524,0.65224,1200,1200
24.06.2024 01:28:27.055,0.6523800000000001,0.6522300000000001,1200,1200
24.06.2024 01:28:31.479,0.6524,0.65222,1200,1200
24.06.2024 01:28:33.689,0.6524,0.6522300000000001,1200,1200
24.06.2024 01:28:33.990,0.6523800000000001,0.6522300000000001,1200,1200
24.06.2024 01:28:34.493,0.65237,0.6522300000000001,1200,1200
24.06.2024 01:28:38.260,0.65236,0.65222,1200,1200
24.06.2024 01:28:40.570,0.6523800000000001,0.6522300000000001,1200,1200
24.06.2024 01:28:42.378,0.6523800000000001,0.6522100000000001,1200,1200
24.06.2024 01:28:51.562,0.65235,0.6522100000000001,1200,1200
24.06.2024 01:28:56.079,0.65235,0.65219,1200,1200
24.06.2024 01:28:59.642,0.65235,0.6522100000000001,1200,1200
24.06.2024 01:29:00.194,0.65236,0.6522100000000001,1200,1200
24.06.2024 01:29:02.385,0.65237,0.65224,1200,1200
24.06.2024 01:29:02.738,0.6523800000000001,0.65225,1200,1200
24.06.2024 01:29:02.989,0.65239,0.65225,1200,1200
24.06.2024 01:29:03.946,0.65237,0.65224,1200,1200
24.06.2024 01:29:08.962,0.65239,0.65224,1200,1200
24.06.2024 01:29:09.115,0.65237,0.65224,1200,1200
24.06.2024 01:29:11.273,0.65236,0.65222,1200,1200
24.06.2024 01:29:21.306,0.65236,0.6522,1200,1200
24.06.2024 01:29:24.166,0.65234,0.6522,1200,1200
24.06.2024 01:29:25.322,0.6523300000000001,0.65219,1200,1200
24.06.2024 01:29:27.279,0.65235,0.65219,1200,1200
24.06.2024 01:29:29.888,0.65236,0.65219,1200,1200
24.06.2024 01:29:30.140,0.65236,0.6522100000000001,1320.0001,1200
24.06.2024 01:29:30.894,0.65235,0.6522,1200,1200
24.06.2024 01:29:40.833,0.65236,0.6522100000000001,1200,1200
24.06.2024 01:29:42.541,0.65237,0.65222,1320.0001,1200
24.06.2024 01:29:42.743,0.6523800000000001,0.6522300000000001,1320.0001,1200
