Gmt time,Ask,Bid,AskVolume,BidVolume
24.06.2024 00:00:00.038,1.51583,1.51536,990,120
24.06.2024 00:00:00.394,1.5158200000000002,1.51536,450,120
24.06.2024 00:00:00.996,1.5158200000000002,1.51535,540,120
24.06.2024 00:00:01.500,1.51581,1.51535,900,120
24.06.2024 00:00:02.554,1.51579,1.51536,450,120
24.06.2024 00:00:02.705,1.5158,1.51537,450,120
24.06.2024 00:00:03.258,1.5158,1.51535,540,120
24.06.2024 00:00:05.465,1.51577,1.5153400000000001,120,120
24.06.2024 00:00:05.766,1.51577,1.51533,120,120
24.06.2024 00:00:05.968,1.5157500000000002,1.5153100000000002,120,120
24.06.2024 00:00:08.777,1.51574,1.5153100000000002,120,120
24.06.2024 00:00:09.179,1.5157500000000002,1.5153200000000002,540,120
24.06.2024 00:00:09.331,1.51573,1.51533,120,120
24.06.2024 00:00:10.085,1.5157200000000002,1.51533,120,120
24.06.2024 00:00:11.190,1.51574,1.51535,120,120
24.06.2024 00:00:11.542,1.5157600000000002,1.51535,120,120
24.06.2024 00:00:12.798,1.51577,1.51536,120,120
24.06.2024 00:00:14.507,1.51578,1.51539,120,120
24.06.2024 00:00:15.060,1.51578,1.51537,120,120
24.06.2024 00:00:15.863,1.5158,1.51539,120,120
24.06.2024 00:00:21.536,1.51581,1.5154,120,120
24.06.2024 00:00:23.140,1.51579,1.51538,120,120
24.06.2024 00:00:23.291,1.5158,1.5154400000000001,120,120
24.06.2024 00:00:24.546,1.5158,1.5154100000000001,120,120
24.06.2024 00:00:27.785,1.5158,1.51539,120,120
24.06.2024 00:00:28.690,1.5158,1.5154100000000001,120,120
24.06.2024 00:00:29.996,1.5158,1.51539,120,120
24.06.2024 00:00:30.299,1.51583,1.5154400000000001,120,120
24.06.2024 00:00:37.271,1.51583,1.51546,120,120
24.06.2024 00:00:37.824,1.51584,1.51543,120,120
24.06.2024 00:00:38.828,1.51583,1.5154200000000002,120,120
24.06.2024 00:00:43.995,1.5158500000000001,1.5154400000000001,120,120
24.06.2024 00:00:46.555,1.51573,1.51535,120,900
24.06.2024 00:00:46.656,1.51568,1.51528,120,120
24.06.2024 00:00:46.757,1.5157200000000002,1.5153200000000002,120,120
24.06.2024 00:00:46.858,1.51568,1.51528,120,120
24.06.2024 00:00:47.160,1.51564,1.5152400000000001,120,120
24.06.2024 00:00:47.763,1.51564,1.51526,120,120
24.06.2024 00:00:48.165,1.51569,1.51529,120,120
24.06.2024 00:00:50.173,1.5157100000000001,1.5153,120,120
24.06.2024 00:00:51.128,1.5157200000000002,1.51533,450,120
24.06.2024 00:00:51.329,1.5157200000000002,1.5153400000000001,120,120
24.06.2024 00:00:51.982,1.5157200000000002,1.5153200000000002,120,120
24.06.2024 00:00:53.237,1.51573,1.51533,120,120
24.06.2024 00:00:53.539,1.5157600000000002,1.51538,120,120
24.06.2024 00:00:53.690,1.51578,1.51539,450,120
24.06.2024 00:00:54.242,1.51578,1.5154100000000001,450,120
24.06.2024 00:00:54.594,1.51581,1.5154100000000001,120,120
24.06.2024 00:00:55.498,1.51581,1.51543,120,120
24.06.2024 00:00:56.502,1.51584,1.5154400000000001,120,120
24.06.2024 00:01:00.168,1.51588,1.51548,120,120
24.06.2024 00:01:00.820,1.5158600000000002,1.51549,120,120
24.06.2024 00:01:05.822,1.51588,1.5155,120,120
24.06.2024 00:01:06.776,1.5158500000000001,1.51549,120,120
24.06.2024 00:01:07.129,1.5158500000000001,1.51547,120,120
24.06.2024 00:01:07.230,1.5159,1.51553,120,120
24.06.2024 00:01:07.331,1.51593,1.51559,540,120
24.06.2024 00:01:08.187,1.51593,1.5155500000000002,120,120
24.06.2024 00:01:09.091,1.51594,1.51556,120,120
24.06.2024 00:01:14.260,1.5159600000000002,1.51557,120,120
24.06.2024 00:01:14.712,1.51593,1.51557,120,120
24.06.2024 00:01:27.704,1.5159200000000002,1.51556,120,120
24.06.2024 00:01:29.159,1.51593,1.51557,120,120
24.06.2024 00:01:30.714,1.51594,1.51558,120,120
24.06.2024 00:01:32.220,1.51594,1.51557,120,120
24.06.2024 00:01:34.429,1.5159200000000002,1.51557,120,120
24.06.2024 00:01:38.862,1.5159200000000002,1.51556,120,120
24.06.2024 00:01:44.333,1.5159200000000002,1.51554,120,120
24.06.2024 00:01:51.153,1.51593,1.5155500000000002,120,120
24.06.2024 00:01:51.455,1.5159200000000002,1.51554,120,120
24.06.2024 00:01:51.907,1.5159,1.51554,120,120
24.06.2024 00:01:52.309,1.5159,1.5155200000000002,120,120
24.06.2024 00:01:53.212,1.51589,1.5155100000000001,120,120
24.06.2024 00:01:54.065,1.5159,1.5155200000000002,120,120
24.06.2024 00:01:56.974,1.51588,1.5155200000000002,120,120
24.06.2024 00:01:57.576,1.51593,1.5155500000000002,120,120
24.06.2024 00:01:57.778,1.51589,1.5155100000000001,120,120
24.06.2024 00:01:58.481,1.5159,1.5155200000000002,120,120
24.06.2024 00:01:59.435,1.51588,1.5155200000000002,120,120
24.06.2024 00:01:59.736,1.51589,1.5155500000000002,120,120
24.06.2024 00:02:00.841,1.5159200000000002,1.51554,120,120
24.06.2024 00:02:01.193,1.5159,1.5155200000000002,120,120
24.06.2024 00:02:04.858,1.51588,1.5155200000000002,120,120
24.06.2024 00:02:05.310,1.5158600000000002,1.51553,120,120
24.06.2024 00:02:05.662,1.51589,1.51554,120,120
24.06.2024 00:02:06.114,1.51589,1.5155500000000002,120,120
24.06.2024 00:02:06.918,1.5159,1.51557,120,120
24.06.2024 00:02:07.421,1.51593,1.51556,120,120
24.06.2024 00:02:13.806,1.5159500000000001,1.5156,120,120
24.06.2024 00:02:13.908,1.516,1.5156500000000002,120,120
24.06.2024 00:02:14.060,1.5160700000000003,1.5157,120,120
24.06.2024 00:02:14.364,1.5161,1.5157500000000002,450,120
24.06.2024 00:02:14.666,1.5161200000000001,1.5157500000000002,120,120
24.06.2024 00:02:19.930,1.51611,1.51578,120,120
24.06.2024 00:02:20.582,1.51611,1.5157600000000002,120,120
24.06.2024 00:02:20.933,1.51611,1.5157,120,120
24.06.2024 00:02:21.034,1.5160600000000002,1.51566,120,120
24.06.2024 00:02:21.437,1.5160200000000001,1.51564,120,450
24.06.2024 00:02:21.739,1.5160500000000001,1.5156500000000002,120,120
24.06.2024 00:02:22.292,1.5160500000000001,1.51569,120,120
24.06.2024 00:02:22.544,1.51609,1.5157,450,120
24.06.2024 00:02:23.147,1.5161,1.5157100000000001,120,120
24.06.2024 00:02:23.198,1.51608,1.51568,120,120
24.06.2024 00:02:23.499,1.5160700000000003,1.51567,120,120
24.06.2024 00:02:24.102,1.51608,1.51567,120,120
24.06.2024 00:02:25.357,1.5160700000000003,1.51567,120,120
24.06.2024 00:02:26.110,1.5161,1.51568,120,120
24.06.2024 00:02:26.312,1.51609,1.51568,120,120
24.06.2024 00:02:30.274,1.5161,1.51568,120,120
24.06.2024 00:02:31.277,1.5161,1.5157,120,120
24.06.2024 00:02:31.378,1.5160500000000001,1.51566,120,120
24.06.2024 00:02:32.332,1.51609,1.5157200000000002,120,120
24.06.2024 00:02:32.634,1.51611,1.5157100000000001,120,120
24.06.2024 00:02:35.444,1.5160700000000003,1.51569,120,120
24.06.2024 00:02:37.703,1.5160600000000002,1.51568,120,120
24.06.2024 00:02:38.456,1.5160700000000003,1.51569,120,120
24.06.2024 00:02:38.809,1.5160600000000002,1.51566,120,120
24.06.2024 00:02:39.161,1.5161,1.5157,120,120
24.06.2024 00:02:46.061,1.51608,1.51568,120,120
24.06.2024 00:02:46.213,1.51603,1.51563,120,120
24.06.2024 00:02:47.567,1.51604,1.51564,120,120
24.06.2024 00:02:49.774,1.5160600000000002,1.51566,120,120
24.06.2024 00:02:50.879,1.51604,1.51564,120,120
24.06.2024 00:02:54.091,1.51601,1.5156100000000001,120,120
24.06.2024 00:02:55.397,1.51597,1.51557,120,120
24.06.2024 00:02:55.699,1.51599,1.51559,120,120
24.06.2024 00:02:56.552,1.516,1.51557,120,120
24.06.2024 00:03:00.516,1.516,1.51559,120,120
24.06.2024 00:03:00.767,1.5160500000000001,1.5156200000000002,120,120
24.06.2024 00:03:01.170,1.51603,1.51563,120,120
24.06.2024 00:03:02.476,1.51604,1.51564,120,120
24.06.2024 00:03:02.627,1.51609,1.51569,120,120
24.06.2024 00:03:02.929,1.5161,1.5157200000000002,450,120
24.06.2024 00:03:03.080,1.5161200000000001,1.5157200000000002,120,120
24.06.2024 00:03:04.837,1.51609,1.51569,120,120
24.06.2024 00:03:05.440,1.51608,1.51568,120,120
24.06.2024 00:03:05.843,1.5160700000000003,1.5156500000000002,120,450
24.06.2024 00:03:06.345,1.5160700000000003,1.51564,120,120
24.06.2024 00:03:11.817,1.5160600000000002,1.51568,120,120
24.06.2024 00:03:14.331,1.5160500000000001,1.51563,120,120
24.06.2024 00:03:17.090,1.5160700000000003,1.51564,120,120
24.06.2024 00:03:17.392,1.5160500000000001,1.51563,120,120
24.06.2024 00:03:18.914,1.5160700000000003,1.51564,120,120
24.06.2024 00:03:19.320,1.5160200000000001,1.5156,120,120
24.06.2024 00:03:19.974,1.51603,1.5156100000000001,120,120
24.06.2024 00:03:23.683,1.5160200000000001,1.51559,120,120
24.06.2024 00:03:23.985,1.516,1.5156200000000002,120,120
24.06.2024 00:03:25.294,1.5160200000000001,1.51563,450,120
24.06.2024 00:03:25.696,1.51603,1.51563,120,120
24.06.2024 00:03:29.459,1.51601,1.5156100000000001,120,120
24.06.2024 00:03:30.212,1.51599,1.51559,120,120
24.06.2024 00:03:31.568,1.51601,1.5156,120,120
24.06.2024 00:03:35.082,1.5159600000000002,1.51559,120,120
24.06.2024 00:03:42.107,1.51594,1.51557,120,120
24.06.2024 00:03:43.563,1.51597,1.5156100000000001,120,120
24.06.2024 00:03:43.965,1.51599,1.5156200000000002,120,120
24.06.2024 00:03:50.538,1.516,1.5156200000000002,120,120
24.06.2024 00:03:53.847,1.51598,1.5156,120,120
24.06.2024 00:03:55.051,1.516,1.5156200000000002,120,120
24.06.2024 00:04:00.198,1.51598,1.51563,120,120
24.06.2024 00:04:00.299,1.516,1.5156200000000002,120,120
24.06.2024 00:04:01.608,1.51599,1.5156,120,120
24.06.2024 00:04:01.658,1.51603,1.51567,120,120
24.06.2024 00:04:04.016,1.5160200000000001,1.51564,120,120
24.06.2024 00:04:09.132,1.51598,1.5156100000000001,120,120
24.06.2024 00:04:12.192,1.51594,1.51559,120,120
24.06.2024 00:04:16.560,1.51594,1.5156,120,120
24.06.2024 00:04:16.962,1.51597,1.5156100000000001,120,120
24.06.2024 00:04:21.176,1.516,1.5156100000000001,120,120
24.06.2024 00:04:24.237,1.51598,1.5156,120,120
24.06.2024 00:04:24.890,1.51599,1.51563,120,120
24.06.2024 00:04:28.053,1.51594,1.51558,120,120
24.06.2024 00:04:28.254,1.51589,1.5155500000000002,120,120
24.06.2024 00:04:29.409,1.5159200000000002,1.51556,120,120
24.06.2024 00:04:30.664,1.51591,1.5155500000000002,120,120
24.06.2024 00:04:34.379,1.51589,1.51553,120,120
24.06.2024 00:04:40.851,1.51587,1.51553,120,120
24.06.2024 00:04:52.386,1.51588,1.5155500000000002,120,120
24.06.2024 00:04:56.100,1.51587,1.5155100000000001,120,120
24.06.2024 00:04:58.108,1.5158600000000002,1.51548,120,120
24.06.2024 00:04:58.660,1.51583,1.51547,120,120
24.06.2024 00:05:01.673,1.51584,1.51547,120,120
24.06.2024 00:05:01.924,1.51581,1.5154200000000002,120,120
24.06.2024 00:05:04.434,1.51581,1.51546,120,120
24.06.2024 00:05:04.887,1.51583,1.51548,120,120
24.06.2024 00:05:05.088,1.51587,1.51553,900,120
24.06.2024 00:05:05.841,1.51588,1.51549,540,120
24.06.2024 00:05:06.194,1.5158600000000002,1.51547,120,120
24.06.2024 00:05:06.546,1.51587,1.5155,120,120
24.06.2024 00:05:09.106,1.5158500000000001,1.51548,120,120
24.06.2024 00:05:09.860,1.5158500000000001,1.51547,450,120
24.06.2024 00:05:10.412,1.51584,1.5155100000000001,450,120
24.06.2024 00:05:11.166,1.5158500000000001,1.51547,450,120
24.06.2024 00:05:12.071,1.5158500000000001,1.5155,450,120
24.06.2024 00:05:12.874,1.5158600000000002,1.51549,450,120
24.06.2024 00:05:14.128,1.5158600000000002,1.5155,450,120
24.06.2024 00:05:14.882,1.51588,1.5155,120,120
24.06.2024 00:05:15.586,1.5159,1.5155200000000002,120,120
24.06.2024 00:05:16.942,1.51587,1.5155100000000001,120,120
24.06.2024 00:05:17.544,1.51587,1.51549,120,120
24.06.2024 00:05:39.461,1.51584,1.51549,450,120
24.06.2024 00:05:39.763,1.51584,1.51546,450,120
24.06.2024 00:05:41.770,1.51583,1.51546,450,120
24.06.2024 00:05:42.623,1.51587,1.51549,540,120
24.06.2024 00:05:42.925,1.51584,1.51546,120,120
24.06.2024 00:05:43.179,1.5158600000000002,1.51548,120,120
24.06.2024 00:05:43.731,1.51583,1.51547,120,120
24.06.2024 00:05:43.832,1.5158,1.51547,450,120
24.06.2024 00:05:44.835,1.51584,1.51546,540,120
24.06.2024 00:05:45.838,1.51583,1.51546,450,120
24.06.2024 00:05:46.842,1.51584,1.51546,540,120
24.06.2024 00:05:47.845,1.5158200000000002,1.51547,450,120
24.06.2024 00:05:50.053,1.5158200000000002,1.51546,450,120
24.06.2024 00:05:54.669,1.51583,1.51547,540,120
24.06.2024 00:05:55.071,1.5158200000000002,1.51546,120,120
24.06.2024 00:05:57.932,1.51584,1.51547,120,120
24.06.2024 00:05:58.386,1.51588,1.5155,120,120
24.06.2024 00:06:05.244,1.5158500000000001,1.5155,120,120
24.06.2024 00:06:15.425,1.5158600000000002,1.51553,120,120
24.06.2024 00:06:28.015,1.51589,1.5155,540,120
24.06.2024 00:06:28.317,1.51589,1.5155200000000002,450,120
24.06.2024 00:06:29.370,1.51591,1.51554,540,120
24.06.2024 00:06:29.772,1.5159,1.51553,120,120
24.06.2024 00:06:29.923,1.51591,1.51554,540,120
24.06.2024 00:06:52.176,1.51589,1.51554,120,120
24.06.2024 00:06:56.941,1.51589,1.5155200000000002,120,120
24.06.2024 00:06:57.643,1.51587,1.5155,120,120
24.06.2024 00:07:01.605,1.5158500000000001,1.51548,120,120
24.06.2024 00:07:03.362,1.51587,1.5155,120,120
24.06.2024 00:07:04.566,1.51587,1.5155100000000001,120,120
24.06.2024 00:07:06.472,1.51588,1.5155200000000002,120,120
24.06.2024 00:07:10.736,1.51589,1.51553,120,120
24.06.2024 00:07:12.243,1.5159,1.51554,120,120
24.06.2024 00:07:16.209,1.5159,1.51556,120,120
24.06.2024 00:07:16.711,1.5159,1.5155200000000002,120,120
24.06.2024 00:07:18.869,1.51591,1.51553,120,120
24.06.2024 00:07:32.526,1.51594,1.5155500000000002,120,120
24.06.2024 00:07:32.677,1.51597,1.5156100000000001,120,120
24.06.2024 00:07:39.199,1.51599,1.5156100000000001,120,120
24.06.2024 00:07:42.109,1.51598,1.5156,120,120
24.06.2024 00:07:50.838,1.5159500000000001,1.51559,120,120
24.06.2024 00:08:03.029,1.51594,1.51558,120,120
24.06.2024 00:08:03.582,1.51593,1.51557,120,120
24.06.2024 00:08:12.920,1.5159500000000001,1.51557,120,120
24.06.2024 00:08:16.392,1.51597,1.51559,120,120
24.06.2024 00:08:26.564,1.5159500000000001,1.5156,120,120
24.06.2024 00:08:28.569,1.5159500000000001,1.51558,120,120
24.06.2024 00:08:28.921,1.51599,1.5156,540,120
24.06.2024 00:08:29.974,1.516,1.51563,120,120
24.06.2024 00:08:31.127,1.51599,1.5156200000000002,120,120
24.06.2024 00:08:34.641,1.51598,1.51559,120,120
24.06.2024 00:08:38.955,1.516,1.5156100000000001,120,120
24.06.2024 00:08:44.272,1.51599,1.51559,120,120
24.06.2024 00:08:46.080,1.51598,1.51559,450,120
24.06.2024 00:08:50.646,1.51599,1.51559,120,120
24.06.2024 00:08:58.528,1.5159600000000002,1.51559,120,120
24.06.2024 00:09:04.647,1.51594,1.51557,120,120
24.06.2024 00:09:07.339,1.51597,1.51558,120,120
24.06.2024 00:09:08.894,1.5159600000000002,1.51557,120,120
24.06.2024 00:09:09.396,1.51597,1.51559,120,120
24.06.2024 00:09:11.101,1.5159600000000002,1.51557,120,120
24.06.2024 00:09:15.068,1.51593,1.51556,120,120
24.06.2024 00:09:21.541,1.5159600000000002,1.5155500000000002,120,120
24.06.2024 00:09:22.394,1.51597,1.51553,120,120
24.06.2024 00:09:26.258,1.51599,1.51554,990,120
24.06.2024 00:09:26.662,1.51597,1.51556,120,120
24.06.2024 00:09:29.422,1.5159600000000002,1.5155500000000002,120,120
24.06.2024 00:09:29.824,1.5159600000000002,1.51557,120,120
24.06.2024 00:09:32.233,1.51597,1.51554,120,120
24.06.2024 00:09:32.735,1.51597,1.51556,120,120
24.06.2024 00:09:37.754,1.51597,1.51554,120,120
24.06.2024 00:09:40.214,1.51594,1.51553,120,120
24.06.2024 00:09:46.483,1.51591,1.5155200000000002,120,120
24.06.2024 00:09:49.342,1.5159600000000002,1.5155500000000002,540,120
24.06.2024 00:09:55.564,1.51597,1.5156200000000002,450,120
24.06.2024 00:09:55.766,1.51608,1.5156200000000002,450,120
24.06.2024 00:09:56.468,1.5161,1.5156200000000002,450,120
24.06.2024 00:09:56.770,1.51613,1.5156200000000002,450,990
24.06.2024 00:09:57.624,1.51614,1.51563,450,450
24.06.2024 00:09:57.907,1.5160700000000003,1.5157,120,120
24.06.2024 00:09:58.209,1.5160600000000002,1.51567,120,120
24.06.2024 00:09:58.560,1.51608,1.51569,120,120
24.06.2024 00:10:01.220,1.51611,1.51574,120,120
24.06.2024 00:10:01.322,1.5162600000000002,1.51593,450,120
24.06.2024 00:10:01.424,1.5163200000000001,1.51594,120,120
24.06.2024 00:10:01.626,1.5163200000000001,1.51588,120,120
24.06.2024 00:10:01.977,1.51631,1.51587,120,120
24.06.2024 00:10:02.278,1.5162900000000001,1.51587,120,120
24.06.2024 00:10:02.681,1.5162900000000001,1.5158600000000002,450,120
24.06.2024 00:10:02.781,1.51624,1.5158600000000002,120,120
24.06.2024 00:10:02.832,1.51624,1.51578,120,120
24.06.2024 00:10:03.435,1.5161700000000002,1.5157600000000002,120,540
24.06.2024 00:10:09.552,1.5161600000000002,1.5157500000000002,120,120
24.06.2024 00:10:11.208,1.5161600000000002,1.51573,120,120
24.06.2024 00:10:11.912,1.5161600000000002,1.5157500000000002,120,120
24.06.2024 00:10:16.078,1.51614,1.5157500000000002,120,120
24.06.2024 00:10:17.231,1.51614,1.51573,120,120
24.06.2024 00:10:17.582,1.51615,1.51574,120,120
24.06.2024 00:10:20.842,1.51618,1.5158200000000002,450,120
24.06.2024 00:10:20.993,1.51618,1.51583,450,120
24.06.2024 00:10:21.194,1.5162200000000001,1.5158200000000002,120,120
24.06.2024 00:10:25.406,1.51625,1.51587,120,120
24.06.2024 00:10:37.202,1.5162900000000001,1.51589,120,120
24.06.2024 00:10:37.604,1.51633,1.51591,450,120
24.06.2024 00:10:37.655,1.51634,1.5159200000000002,120,120
24.06.2024 00:10:37.957,1.51633,1.5159500000000001,120,120
24.06.2024 00:10:39.765,1.5163200000000001,1.5159200000000002,120,120
24.06.2024 00:10:42.688,1.51631,1.51591,120,120
24.06.2024 00:10:43.542,1.5163,1.51594,120,120
24.06.2024 00:10:46.853,1.51633,1.51594,120,120
24.06.2024 00:10:51.923,1.51631,1.51594,120,120
24.06.2024 00:10:52.225,1.5163,1.51591,120,120
24.06.2024 00:11:00.756,1.51628,1.5159,120,120
24.06.2024 00:11:03.969,1.5162700000000002,1.51588,120,120
24.06.2024 00:11:04.371,1.51624,1.51589,120,120
24.06.2024 00:11:19.680,1.51624,1.51588,120,120
24.06.2024 00:11:20.433,1.51624,1.5158600000000002,120,120
24.06.2024 00:11:39.791,1.51623,1.5159,120,120
24.06.2024 00:11:40.693,1.51623,1.51588,120,120
24.06.2024 00:11:42.599,1.5162200000000001,1.5158600000000002,120,120
24.06.2024 00:11:43.954,1.51623,1.51588,120,120
24.06.2024 00:11:45.310,1.5162200000000001,1.5158600000000002,120,120
24.06.2024 00:11:46.064,1.5162200000000001,1.51589,120,120
24.06.2024 00:11:47.067,1.5162200000000001,1.5158600000000002,120,120
24.06.2024 00:11:47.570,1.51623,1.51588,120,120
24.06.2024 00:11:48.122,1.5162200000000001,1.5158600000000002,120,120
24.06.2024 00:11:49.126,1.51623,1.51588,120,120
24.06.2024 00:11:54.141,1.5162200000000001,1.5158600000000002,120,120
24.06.2024 00:11:54.192,1.51618,1.5158200000000002,120,120
24.06.2024 00:11:54.293,1.5162200000000001,1.5158600000000002,120,120
24.06.2024 00:11:55.649,1.5162200000000001,1.51588,120,450
24.06.2024 00:11:56.151,1.5162200000000001,1.51589,120,450
24.06.2024 00:11:56.554,1.51623,1.5158600000000002,120,120
24.06.2024 00:11:58.210,1.51623,1.51588,120,450
24.06.2024 00:11:59.214,1.51623,1.5158600000000002,120,540
24.06.2024 00:12:01.523,1.51628,1.51589,120,120
24.06.2024 00:12:05.337,1.5162700000000002,1.51588,120,120
24.06.2024 00:12:05.689,1.51628,1.51591,120,120
24.06.2024 00:12:06.292,1.5162600000000002,1.51589,120,120
24.06.2024 00:12:10.810,1.5162600000000002,1.5159200000000002,450,120
24.06.2024 00:12:11.765,1.5162700000000002,1.5159200000000002,540,120
24.06.2024 00:12:14.950,1.5162600000000002,1.5159200000000002,450,120
24.06.2024 00:12:15.352,1.51628,1.51593,120,120
24.06.2024 00:12:15.854,1.51628,1.5159200000000002,120,120
24.06.2024 00:12:28.492,1.5162700000000002,1.5159200000000002,450,120
24.06.2024 00:12:28.793,1.5162900000000001,1.51593,120,120
24.06.2024 00:12:30.400,1.51631,1.5159500000000001,540,120
24.06.2024 00:12:30.652,1.51631,1.5159500000000001,120,120
24.06.2024 00:12:31.907,1.51631,1.51593,120,120
24.06.2024 00:12:39.839,1.5162900000000001,1.51593,450,120
24.06.2024 00:12:40.793,1.5162900000000001,1.51594,450,120
24.06.2024 00:12:42.803,1.5162900000000001,1.51593,450,120
24.06.2024 00:12:43.456,1.5162900000000001,1.5159,450,120
24.06.2024 00:12:43.808,1.5163,1.5159,120,120
24.06.2024 00:12:47.823,1.5162900000000001,1.5159,450,120
24.06.2024 00:12:52.794,1.51628,1.5159,450,120
24.06.2024 00:12:59.317,1.5162700000000002,1.5159,120,120
24.06.2024 00:13:00.571,1.5162700000000002,1.51591,450,120
24.06.2024 00:13:00.823,1.5162900000000001,1.51591,120,120
24.06.2024 00:13:02.078,1.51628,1.51591,120,120
24.06.2024 00:13:17.286,1.5163,1.51593,120,120
24.06.2024 00:13:30.433,1.5162600000000002,1.51593,120,120
24.06.2024 00:13:31.638,1.5162600000000002,1.51591,120,120
24.06.2024 00:13:38.165,1.5162700000000002,1.51593,120,120
24.06.2024 00:13:50.411,1.5162700000000002,1.5159200000000002,120,120
24.06.2024 00:13:53.220,1.51623,1.5159,120,120
24.06.2024 00:13:56.030,1.5162600000000002,1.51591,120,120
24.06.2024 00:13:56.385,1.5162700000000002,1.5159200000000002,120,120
24.06.2024 00:14:00.950,1.5162600000000002,1.51591,120,120
24.06.2024 00:14:01.301,1.5162700000000002,1.5159200000000002,120,120
24.06.2024 00:14:02.556,1.51625,1.5159200000000002,120,120
24.06.2024 00:14:05.919,1.5162,1.5158500000000001,120,120
24.06.2024 00:14:06.473,1.51618,1.51583,120,120
24.06.2024 00:14:11.744,1.51614,1.5158,120,120
24.06.2024 00:14:11.996,1.5161600000000002,1.51583,450,120
24.06.2024 00:14:12.348,1.5161700000000002,1.51583,120,120
24.06.2024 00:14:14.707,1.5161700000000002,1.51581,120,120
24.06.2024 00:14:26.003,1.5161700000000002,1.51583,120,120
24.06.2024 00:14:26.054,1.5162200000000001,1.5158600000000002,120,120
24.06.2024 00:14:27.058,1.5162,1.5158600000000002,120,120
24.06.2024 00:14:27.259,1.5161700000000002,1.51581,120,120
24.06.2024 00:14:27.560,1.51618,1.5158200000000002,120,120
24.06.2024 00:14:30.368,1.51619,1.5158200000000002,120,120
24.06.2024 00:14:32.525,1.5161600000000002,1.51579,120,120
24.06.2024 00:14:35.284,1.5161700000000002,1.5158,120,120
24.06.2024 00:14:45.723,1.51614,1.51579,120,120
24.06.2024 00:14:46.025,1.51614,1.51577,120,120
24.06.2024 00:14:46.176,1.51618,1.51581,120,120
24.06.2024 00:14:51.591,1.5161700000000002,1.51579,120,540
24.06.2024 00:14:53.499,1.51615,1.5158,120,120
24.06.2024 00:14:58.216,1.51613,1.51578,120,120
24.06.2024 00:15:00.276,1.51615,1.51578,540,120
24.06.2024 00:15:01.431,1.51615,1.5158,120,120
24.06.2024 00:15:07.953,1.51614,1.51577,120,120
24.06.2024 00:15:13.975,1.51609,1.5157200000000002,120,120
24.06.2024 00:15:15.029,1.51611,1.51574,120,120
24.06.2024 00:15:18.421,1.5161,1.5157200000000002,120,120
24.06.2024 00:15:20.730,1.5160700000000003,1.5157100000000001,120,120
24.06.2024 00:15:25.394,1.5160700000000003,1.51569,120,120
24.06.2024 00:15:25.899,1.51604,1.51566,120,120
24.06.2024 00:15:27.304,1.51604,1.51568,120,120
24.06.2024 00:15:30.063,1.51603,1.51567,120,120
24.06.2024 00:15:30.164,1.5160600000000002,1.5157200000000002,120,120
24.06.2024 00:15:32.925,1.51608,1.51573,120,120
24.06.2024 00:15:34.129,1.51609,1.51573,120,120
24.06.2024 00:15:40.803,1.51608,1.5157200000000002,120,120
24.06.2024 00:15:42.762,1.5161,1.51574,120,120
24.06.2024 00:15:43.967,1.51615,1.51579,120,120
24.06.2024 00:15:46.676,1.51613,1.51579,120,540
24.06.2024 00:15:47.681,1.51615,1.51579,120,120
24.06.2024 00:15:52.248,1.5161600000000002,1.5158,120,120
24.06.2024 00:15:55.110,1.51615,1.51579,120,120
24.06.2024 00:15:58.371,1.51613,1.51579,120,120
24.06.2024 00:15:59.224,1.51615,1.51579,120,120
24.06.2024 00:15:59.327,1.51619,1.51583,120,540
24.06.2024 00:16:00.280,1.51619,1.5158500000000001,120,450
24.06.2024 00:16:03.945,1.51621,1.51587,120,120
24.06.2024 00:16:04.046,1.5161700000000002,1.5158200000000002,120,120
24.06.2024 00:16:04.148,1.5161200000000001,1.51577,120,120
24.06.2024 00:16:04.399,1.5161,1.51573,120,120
24.06.2024 00:16:04.902,1.51614,1.51574,120,120
24.06.2024 00:16:08.665,1.5161600000000002,1.51578,120,120
24.06.2024 00:16:08.967,1.5161600000000002,1.5157600000000002,120,120
24.06.2024 00:16:09.470,1.51613,1.5157500000000002,120,120
24.06.2024 00:16:09.771,1.5161600000000002,1.5157600000000002,120,120
24.06.2024 00:16:12.582,1.51613,1.5157500000000002,120,120
24.06.2024 00:16:13.436,1.51609,1.5157200000000002,120,120
24.06.2024 00:16:13.838,1.5161,1.5157200000000002,120,120
24.06.2024 00:16:13.989,1.5161200000000001,1.51574,120,120
24.06.2024 00:16:14.792,1.51611,1.51573,120,120
24.06.2024 00:16:15.043,1.5161200000000001,1.51574,120,120
24.06.2024 00:16:15.748,1.51611,1.51574,120,120
24.06.2024 00:16:15.849,1.5161,1.51573,120,120
24.06.2024 00:16:20.466,1.51608,1.51573,120,120
24.06.2024 00:16:27.240,1.51608,1.5157500000000002,120,120
24.06.2024 00:16:29.094,1.51609,1.51573,120,120
24.06.2024 00:16:30.100,1.5160700000000003,1.5157100000000001,120,120
24.06.2024 00:16:34.111,1.5160700000000003,1.5157,120,120
24.06.2024 00:16:34.213,1.5160500000000001,1.5157100000000001,120,120
24.06.2024 00:16:41.940,1.5160500000000001,1.51568,120,120
24.06.2024 00:16:42.443,1.5160700000000003,1.51568,120,120
24.06.2024 00:16:49.919,1.51609,1.51569,120,120
24.06.2024 00:16:51.125,1.51611,1.5157200000000002,120,120
24.06.2024 00:17:00.212,1.5161,1.5157100000000001,120,120
24.06.2024 00:17:07.089,1.5161200000000001,1.51573,120,120
24.06.2024 00:17:07.491,1.51613,1.51577,120,120
24.06.2024 00:17:25.880,1.5161200000000001,1.51574,120,120
24.06.2024 00:17:50.964,1.51614,1.5157600000000002,120,120
24.06.2024 00:17:52.971,1.51613,1.51578,120,120
24.06.2024 00:17:55.933,1.51615,1.51581,120,120
24.06.2024 00:17:58.092,1.51618,1.51584,120,120
24.06.2024 00:18:28.617,1.5161700000000002,1.51581,120,120
24.06.2024 00:18:28.919,1.5161200000000001,1.5157600000000002,120,540
24.06.2024 00:18:29.573,1.51613,1.51577,120,120
24.06.2024 00:18:33.286,1.51615,1.51579,120,120
24.06.2024 00:18:40.561,1.51614,1.5157600000000002,120,120
24.06.2024 00:18:46.731,1.51613,1.5157500000000002,120,120
24.06.2024 00:19:18.814,1.51613,1.51579,120,120
24.06.2024 00:19:37.922,1.5161600000000002,1.5158200000000002,120,120
24.06.2024 00:19:39.026,1.51618,1.5158200000000002,120,120
24.06.2024 00:19:54.011,1.5162,1.51583,120,120
24.06.2024 00:19:58.178,1.51618,1.51581,120,120
24.06.2024 00:20:05.651,1.51619,1.51584,120,120
24.06.2024 00:20:05.755,1.51623,1.51589,450,120
24.06.2024 00:20:06.257,1.51624,1.51589,120,120
24.06.2024 00:20:07.060,1.5162600000000002,1.51589,120,120
24.06.2024 00:20:16.890,1.5163200000000001,1.51593,120,120
24.06.2024 00:20:17.593,1.51634,1.51593,120,120
24.06.2024 00:20:18.397,1.51633,1.51593,120,120
24.06.2024 00:20:19.000,1.5163,1.5159200000000002,120,120
24.06.2024 00:20:19.302,1.5162700000000002,1.51589,120,120
24.06.2024 00:20:29.287,1.5163,1.51591,120,120
24.06.2024 00:20:34.157,1.51633,1.51591,120,120
24.06.2024 00:20:35.914,1.51633,1.51594,120,120
24.06.2024 00:20:37.069,1.51633,1.51591,120,120
24.06.2024 00:20:42.824,1.5163,1.51591,120,120
24.06.2024 00:20:45.289,1.5162700000000002,1.5159,120,120
24.06.2024 00:20:52.856,1.5163,1.51591,120,120
24.06.2024 00:20:53.208,1.5163200000000001,1.5159500000000001,990,120
24.06.2024 00:20:59.375,1.51631,1.5159200000000002,120,120
24.06.2024 00:21:00.227,1.5163,1.5159200000000002,120,120
24.06.2024 00:21:08.800,1.51628,1.51593,120,120
24.06.2024 00:21:09.001,1.5162600000000002,1.51589,120,120
24.06.2024 00:21:11.361,1.5162700000000002,1.51589,120,120
24.06.2024 00:21:12.164,1.5162900000000001,1.51589,120,120
24.06.2024 00:21:21.295,1.5162600000000002,1.51589,120,120
24.06.2024 00:21:32.836,1.51625,1.5158600000000002,120,120
24.06.2024 00:21:36.657,1.5162600000000002,1.51589,120,120
24.06.2024 00:21:42.426,1.51625,1.5158600000000002,120,120
24.06.2024 00:21:44.736,1.51624,1.5158500000000001,120,120
24.06.2024 00:21:55.115,1.51624,1.51587,120,120
24.06.2024 00:22:02.138,1.51628,1.51587,900,120
24.06.2024 00:22:02.841,1.51625,1.51587,120,120
24.06.2024 00:22:03.444,1.5162900000000001,1.51587,540,120
24.06.2024 00:22:04.248,1.5162600000000002,1.51589,120,120
24.06.2024 00:22:04.852,1.51625,1.5158500000000001,120,120
24.06.2024 00:22:09.269,1.51625,1.51587,120,120
24.06.2024 00:22:10.725,1.51625,1.51589,120,120
24.06.2024 00:22:19.306,1.5162600000000002,1.51587,120,120
24.06.2024 00:22:26.179,1.5162700000000002,1.5159,120,120
24.06.2024 00:22:29.993,1.51624,1.51589,120,120
24.06.2024 00:22:30.345,1.51625,1.51591,120,120
24.06.2024 00:22:40.829,1.5162700000000002,1.51591,120,120
24.06.2024 00:22:41.482,1.51625,1.5159,120,120
24.06.2024 00:22:50.964,1.51621,1.51584,120,120
24.06.2024 00:22:54.629,1.51621,1.51587,120,120
24.06.2024 00:22:55.232,1.51621,1.51584,120,120
24.06.2024 00:23:01.406,1.51623,1.51584,120,120
24.06.2024 00:23:02.011,1.51621,1.51587,120,120
24.06.2024 00:23:03.266,1.51623,1.51587,120,120
24.06.2024 00:23:06.495,1.51621,1.51587,120,120
24.06.2024 00:23:06.951,1.5162200000000001,1.51588,120,120
24.06.2024 00:23:07.453,1.5162200000000001,1.5158600000000002,120,120
24.06.2024 00:23:09.109,1.51623,1.5158600000000002,120,120
24.06.2024 00:23:11.016,1.51625,1.51587,120,120
24.06.2024 00:23:13.275,1.51623,1.51587,120,120
24.06.2024 00:23:24.667,1.51621,1.5158500000000001,120,120
24.06.2024 00:23:25.270,1.51625,1.51584,450,120
24.06.2024 00:23:25.823,1.5162600000000002,1.51584,450,120
24.06.2024 00:23:32.447,1.5162700000000002,1.51584,450,120
24.06.2024 00:23:33.451,1.5162600000000002,1.51584,450,120
24.06.2024 00:23:34.806,1.5162600000000002,1.51583,450,120
24.06.2024 00:23:36.867,1.5162600000000002,1.51584,900,120
24.06.2024 00:23:37.018,1.51625,1.51584,450,120
24.06.2024 00:23:39.077,1.51625,1.51583,450,120
24.06.2024 00:23:42.638,1.51625,1.5158200000000002,450,120
24.06.2024 00:23:43.141,1.51623,1.5158200000000002,450,120
24.06.2024 00:23:43.292,1.51623,1.5158,450,120
24.06.2024 00:23:44.145,1.51624,1.5158,900,120
24.06.2024 00:23:45.149,1.51623,1.5158,450,120
24.06.2024 00:23:46.654,1.51623,1.51579,450,120
24.06.2024 00:23:52.071,1.51624,1.51579,900,120
24.06.2024 00:23:53.294,1.51623,1.51579,450,120
24.06.2024 00:23:55.850,1.5162200000000001,1.51581,450,120
24.06.2024 00:23:56.754,1.51624,1.5158,900,120
24.06.2024 00:24:01.264,1.51624,1.51579,900,120
24.06.2024 00:24:12.091,1.5162200000000001,1.5158,450,120
24.06.2024 00:24:12.142,1.51623,1.51581,450,120
24.06.2024 00:24:13.098,1.51625,1.51581,900,120
24.06.2024 00:24:14.100,1.5162600000000002,1.51581,900,120
24.06.2024 00:24:15.104,1.51625,1.51581,450,120
24.06.2024 00:24:16.107,1.5162700000000002,1.51581,1350,120
24.06.2024 00:24:20.219,1.5162600000000002,1.51581,450,120
24.06.2024 00:24:23.280,1.5162600000000002,1.51583,450,120
24.06.2024 00:24:25.487,1.5162600000000002,1.51584,1350,120
24.06.2024 00:24:26.440,1.5162600000000002,1.51583,450,120
24.06.2024 00:24:30.454,1.51624,1.51583,450,120
24.06.2024 00:24:33.215,1.51625,1.51583,900,120
24.06.2024 00:24:45.562,1.51624,1.51583,450,120
24.06.2024 00:24:46.868,1.51623,1.5158200000000002,450,120
24.06.2024 00:24:47.857,1.51618,1.5157500000000002,450,540
24.06.2024 00:24:48.811,1.5161700000000002,1.5157500000000002,450,120
24.06.2024 00:24:49.815,1.5161700000000002,1.5157600000000002,450,120
24.06.2024 00:24:54.332,1.5162,1.51577,900,120
24.06.2024 00:24:54.637,1.5162,1.51578,450,120
24.06.2024 00:24:55.640,1.5162200000000001,1.51577,1440.0001,120
24.06.2024 00:24:56.192,1.5161700000000002,1.51574,450,120
24.06.2024 00:24:57.145,1.51619,1.51574,450,120
24.06.2024 00:24:58.048,1.5162,1.51574,990,120
24.06.2024 00:25:03.212,1.51618,1.5157500000000002,450,120
24.06.2024 00:25:07.326,1.51618,1.51574,450,120
24.06.2024 00:25:12.439,1.51618,1.5157500000000002,450,120
24.06.2024 00:25:14.494,1.51618,1.51574,450,120
24.06.2024 00:25:24.171,1.51618,1.5157500000000002,900,120
24.06.2024 00:25:25.423,1.5161700000000002,1.5157500000000002,450,120
24.06.2024 00:25:29.133,1.5161700000000002,1.51574,450,120
24.06.2024 00:25:37.453,1.51618,1.51574,450,120
24.06.2024 00:25:38.456,1.51619,1.51574,900,120
24.06.2024 00:25:41.766,1.5161700000000002,1.5157500000000002,450,120
24.06.2024 00:25:46.197,1.5161700000000002,1.51574,540,120
24.06.2024 00:25:46.402,1.51615,1.51574,450,120
24.06.2024 00:25:46.608,1.5161600000000002,1.5157100000000001,450,120
24.06.2024 00:25:46.859,1.5161600000000002,1.5157500000000002,450,120
24.06.2024 00:25:47.411,1.51618,1.5157500000000002,900,120
24.06.2024 00:25:47.512,1.51618,1.5157600000000002,450,120
24.06.2024 00:25:47.914,1.51619,1.5157600000000002,450,120
24.06.2024 00:25:48.617,1.51618,1.5157600000000002,450,120
24.06.2024 00:25:50.272,1.51619,1.5157600000000002,900,120
24.06.2024 00:25:51.876,1.51618,1.5157600000000002,450,120
24.06.2024 00:25:53.933,1.5162,1.5157600000000002,900,120
24.06.2024 00:25:54.987,1.51619,1.5157600000000002,450,120
24.06.2024 00:25:57.093,1.51619,1.51578,450,120
24.06.2024 00:25:57.445,1.5162,1.51578,450,120
24.06.2024 00:25:58.149,1.51621,1.51578,900,120
24.06.2024 00:25:58.902,1.5162,1.51578,450,120
24.06.2024 00:25:59.555,1.51618,1.51579,450,120
24.06.2024 00:25:59.705,1.51618,1.51577,450,120
24.06.2024 00:26:02.265,1.51618,1.51579,450,120
24.06.2024 00:26:03.319,1.5162,1.51578,450,120
24.06.2024 00:26:04.222,1.5161700000000002,1.51578,450,120
24.06.2024 00:26:05.226,1.5161700000000002,1.51579,450,120
24.06.2024 00:26:05.779,1.5161700000000002,1.51578,450,120
24.06.2024 00:26:06.230,1.5161700000000002,1.51577,450,120
24.06.2024 00:26:08.488,1.5161700000000002,1.51578,450,120
24.06.2024 00:26:08.640,1.5162,1.51578,450,120
24.06.2024 00:26:08.992,1.5162200000000001,1.51578,450,120
24.06.2024 00:26:09.644,1.51624,1.51579,990,120
24.06.2024 00:26:10.648,1.51624,1.51578,450,120
24.06.2024 00:26:18.622,1.51624,1.5158,900,120
24.06.2024 00:26:19.577,1.51623,1.5158,450,120
24.06.2024 00:26:19.828,1.5162200000000001,1.5158,450,120
24.06.2024 00:26:21.082,1.51623,1.5158,450,120
24.06.2024 00:26:36.421,1.51623,1.51579,450,120
24.06.2024 00:26:36.523,1.5162200000000001,1.51579,450,120
24.06.2024 00:26:37.626,1.51623,1.51579,450,120
24.06.2024 00:26:38.631,1.5162200000000001,1.51579,450,120
24.06.2024 00:26:45.506,1.51623,1.51579,450,120
24.06.2024 00:26:48.619,1.5162200000000001,1.51579,450,120
24.06.2024 00:26:49.623,1.51623,1.51579,450,120
24.06.2024 00:26:50.627,1.5162200000000001,1.51579,450,120
24.06.2024 00:26:51.630,1.51623,1.51579,450,120
24.06.2024 00:26:55.543,1.51621,1.5158,450,120
24.06.2024 00:26:56.497,1.51621,1.51579,450,120
24.06.2024 00:26:57.552,1.51621,1.51578,450,120
24.06.2024 00:26:59.961,1.51621,1.5157500000000002,450,120
24.06.2024 00:27:01.317,1.51621,1.51578,450,120
24.06.2024 00:27:01.619,1.5162,1.51578,900,120
24.06.2024 00:27:01.871,1.5161600000000002,1.5157200000000002,450,120
24.06.2024 00:27:04.532,1.5161200000000001,1.51573,450,120
24.06.2024 00:27:05.543,1.51611,1.5157200000000002,450,120
24.06.2024 00:27:06.545,1.51613,1.5157200000000002,450,120
24.06.2024 00:27:07.549,1.5161600000000002,1.5157200000000002,1350,120
24.06.2024 00:27:08.551,1.51614,1.51573,450,120
24.06.2024 00:27:09.403,1.51613,1.51573,450,120
24.06.2024 00:27:10.256,1.51613,1.5157100000000001,450,120
24.06.2024 00:27:10.407,1.51614,1.5157100000000001,1350,120
24.06.2024 00:27:10.558,1.51613,1.5157100000000001,450,120
24.06.2024 00:27:11.512,1.51614,1.5157100000000001,1350,120
24.06.2024 00:27:15.198,1.51615,1.5157100000000001,1350,120
24.06.2024 00:27:15.549,1.51614,1.51574,1350,120
24.06.2024 00:27:15.700,1.51614,1.51573,450,120
24.06.2024 00:27:17.005,1.51614,1.5157100000000001,900,120
24.06.2024 00:27:17.713,1.51613,1.5157100000000001,450,120
24.06.2024 00:27:17.864,1.5161200000000001,1.5157,450,120
24.06.2024 00:27:17.915,1.5160600000000002,1.51569,450,120
24.06.2024 00:27:17.966,1.5160600000000002,1.5156500000000002,450,120
24.06.2024 00:27:18.819,1.5160500000000001,1.51564,450,120
24.06.2024 00:27:18.920,1.51609,1.51563,450,120
24.06.2024 00:27:19.021,1.5160700000000003,1.51564,450,120
24.06.2024 00:27:19.222,1.5160700000000003,1.51563,450,120
24.06.2024 00:27:20.625,1.51604,1.51563,450,120
24.06.2024 00:27:21.629,1.5160600000000002,1.51563,450,120
24.06.2024 00:27:22.633,1.51604,1.51563,450,120
24.06.2024 00:27:24.637,1.51603,1.51563,450,120
24.06.2024 00:27:25.641,1.51604,1.51563,450,120
24.06.2024 00:27:29.757,1.51604,1.5156500000000002,450,120
24.06.2024 00:27:30.209,1.5160600000000002,1.5156500000000002,450,120
24.06.2024 00:27:30.912,1.5160600000000002,1.51566,1350,120
24.06.2024 00:27:31.214,1.5160600000000002,1.5156500000000002,450,120
24.06.2024 00:27:32.017,1.5160600000000002,1.5156200000000002,450,120
24.06.2024 00:27:32.169,1.5160700000000003,1.5156200000000002,900,120
24.06.2024 00:27:33.022,1.5160500000000001,1.51563,900,120
24.06.2024 00:27:34.125,1.5160500000000001,1.5156200000000002,450,120
24.06.2024 00:27:34.277,1.5160500000000001,1.51563,450,120
24.06.2024 00:27:34.427,1.5160500000000001,1.51567,450,120
24.06.2024 00:27:35.381,1.5160600000000002,1.51567,450,120
24.06.2024 00:27:35.432,1.51608,1.51568,900,120
24.06.2024 00:27:36.386,1.51608,1.51567,450,120
24.06.2024 00:27:37.390,1.51609,1.51567,900,120
24.06.2024 00:27:39.297,1.51608,1.51567,450,120
24.06.2024 00:27:40.252,1.51609,1.51567,450,120
24.06.2024 00:27:40.703,1.51608,1.51567,450,120
24.06.2024 00:27:42.008,1.5160600000000002,1.51568,450,120
24.06.2024 00:27:43.011,1.51609,1.51567,450,120
24.06.2024 00:27:44.416,1.51608,1.51567,450,120
24.06.2024 00:27:45.621,1.5161,1.51566,900,120
24.06.2024 00:27:50.742,1.51611,1.51566,900,120
24.06.2024 00:27:52.497,1.51609,1.51567,450,120
24.06.2024 00:27:55.106,1.51611,1.51566,900,120
24.06.2024 00:27:55.658,1.51611,1.51568,1350,120
24.06.2024 00:27:56.114,1.5161,1.51568,450,120
24.06.2024 00:27:57.369,1.51613,1.51568,540,120
24.06.2024 00:27:57.620,1.5161200000000001,1.51568,450,120
24.06.2024 00:28:01.764,1.51611,1.51568,450,120
24.06.2024 00:28:02.768,1.5161200000000001,1.51568,900,120
24.06.2024 00:28:04.628,1.5161200000000001,1.51569,450,120
24.06.2024 00:28:04.931,1.5161200000000001,1.5157100000000001,450,120
24.06.2024 00:28:06.135,1.5161600000000002,1.5157100000000001,900,120
24.06.2024 00:28:07.188,1.51615,1.5157100000000001,450,120
24.06.2024 00:28:07.690,1.51615,1.51573,450,120
24.06.2024 00:28:08.442,1.51615,1.5157100000000001,450,120
24.06.2024 00:28:09.495,1.51615,1.51573,450,120
24.06.2024 00:28:11.953,1.51615,1.51574,900,120
24.06.2024 00:28:12.705,1.51615,1.51573,450,120
24.06.2024 00:28:14.712,1.5161600000000002,1.51573,900,120
24.06.2024 00:28:16.367,1.51613,1.5157100000000001,450,120
24.06.2024 00:28:18.173,1.5161200000000001,1.5157,1350,120
24.06.2024 00:28:18.374,1.51611,1.5157,450,120
24.06.2024 00:28:20.380,1.5161,1.51569,450,120
24.06.2024 00:28:22.387,1.51611,1.51569,900,120
24.06.2024 00:28:22.839,1.51611,1.51568,900,120
24.06.2024 00:28:27.003,1.5161200000000001,1.51568,900,120
24.06.2024 00:28:29.663,1.5161,1.51568,450,120
24.06.2024 00:28:32.672,1.51609,1.51568,450,120
24.06.2024 00:28:34.027,1.5161,1.51568,450,120
24.06.2024 00:28:35.031,1.51608,1.51569,450,120
24.06.2024 00:28:36.035,1.51609,1.51569,450,120
24.06.2024 00:28:37.038,1.51611,1.51568,900,120
24.06.2024 00:28:39.247,1.51611,1.51569,450,120
24.06.2024 00:28:41.254,1.51611,1.51568,450,120
24.06.2024 00:28:45.371,1.51611,1.51569,900,120
24.06.2024 00:28:47.528,1.5161,1.51569,450,120
24.06.2024 00:28:48.583,1.51611,1.51569,900,120
24.06.2024 00:28:52.349,1.51613,1.51569,900,120
24.06.2024 00:28:53.803,1.5161200000000001,1.51569,450,120
24.06.2024 00:28:54.755,1.5161,1.5157,450,120
24.06.2024 00:28:56.760,1.5161,1.51569,450,120
24.06.2024 00:28:58.214,1.5161,1.51568,450,120
24.06.2024 00:29:01.372,1.51609,1.5157,450,120
24.06.2024 00:29:01.673,1.51609,1.51569,450,120
24.06.2024 00:29:02.826,1.5161,1.51569,450,120
24.06.2024 00:29:03.829,1.5161,1.5157,450,120
24.06.2024 00:29:04.833,1.5161200000000001,1.51569,900,120
24.06.2024 00:29:05.787,1.51611,1.51569,450,120
24.06.2024 00:29:06.740,1.5161,1.5157,450,120
24.06.2024 00:29:07.744,1.51611,1.5157,450,120
24.06.2024 00:29:07.995,1.5161200000000001,1.5157,900,120
24.06.2024 00:29:08.748,1.51611,1.5157,450,120
24.06.2024 00:29:12.764,1.5161,1.5157,450,120
24.06.2024 00:29:13.717,1.5161200000000001,1.51569,450,120
24.06.2024 00:29:20.692,1.5161200000000001,1.5157,900,120
24.06.2024 00:29:23.854,1.51613,1.5157,450,120
24.06.2024 00:29:23.955,1.51614,1.5157,900,120
24.06.2024 00:29:24.909,1.5161200000000001,1.5157,450,120
24.06.2024 00:29:25.912,1.51613,1.5157,450,120
24.06.2024 00:29:26.966,1.51613,1.5157100000000001,450,120
24.06.2024 00:29:29.225,1.51613,1.5157,450,120
24.06.2024 00:29:32.487,1.51614,1.5157,900,120
24.06.2024 00:29:33.491,1.51613,1.5157,450,120
24.06.2024 00:29:34.645,1.51614,1.5157,1350,120
24.06.2024 00:29:48.488,1.51614,1.5157200000000002,900,120
24.06.2024 00:29:49.344,1.5161600000000002,1.5157200000000002,900,120
24.06.2024 00:29:49.446,1.51615,1.5157600000000002,900,120
24.06.2024 00:29:50.350,1.51619,1.5157500000000002,900,120
24.06.2024 00:29:52.557,1.51619,1.51574,900,120
24.06.2024 00:29:53.662,1.5161700000000002,1.5157500000000002,450,120
24.06.2024 00:29:56.172,1.5161700000000002,1.51574,450,120
24.06.2024 00:29:56.273,1.5161700000000002,1.51573,450,120
24.06.2024 00:29:58.532,1.5161600000000002,1.51573,450,120
24.06.2024 00:29:59.285,1.51615,1.51573,450,120
24.06.2024 00:29:59.737,1.51615,1.51574,450,120
24.06.2024 00:30:00.239,1.51615,1.51573,450,120
24.06.2024 00:30:00.441,1.5161600000000002,1.51573,900,120
24.06.2024 00:30:00.692,1.51615,1.51573,450,120
24.06.2024 00:30:06.059,1.5161600000000002,1.51573,900,120
24.06.2024 00:30:06.812,1.51615,1.51573,450,120
24.06.2024 00:30:08.567,1.51615,1.51569,450,120
24.06.2024 00:30:09.120,1.51613,1.5157,450,120
24.06.2024 00:30:11.529,1.51614,1.5157,900,120
24.06.2024 00:30:11.981,1.5161200000000001,1.5157,450,120
24.06.2024 00:30:12.986,1.5161,1.5157100000000001,450,120
24.06.2024 00:30:13.990,1.5161200000000001,1.5157,450,120
24.06.2024 00:30:17.001,1.5161,1.5157100000000001,450,120
24.06.2024 00:30:18.110,1.5161,1.5157,450,120
24.06.2024 00:30:21.970,1.5161200000000001,1.51569,450,120
24.06.2024 00:30:22.221,1.51613,1.51569,450,120
24.06.2024 00:30:28.792,1.5161200000000001,1.5157100000000001,450,120
24.06.2024 00:30:30.649,1.51613,1.5157100000000001,450,120
24.06.2024 00:30:34.563,1.51613,1.51573,450,120
24.06.2024 00:30:35.116,1.51614,1.51574,450,120
24.06.2024 00:30:35.770,1.5161600000000002,1.51574,450,120
24.06.2024 00:30:36.874,1.5161700000000002,1.51574,450,120
24.06.2024 00:30:38.531,1.5161700000000002,1.5157500000000002,450,120
24.06.2024 00:30:38.884,1.5161700000000002,1.5157600000000002,450,120
24.06.2024 00:30:39.336,1.51618,1.5157600000000002,450,120
24.06.2024 00:30:39.989,1.51619,1.51577,450,120
24.06.2024 00:30:40.993,1.5162,1.51578,450,120
24.06.2024 00:30:41.997,1.5162,1.51579,900,120
24.06.2024 00:30:42.801,1.5162,1.5158,450,120
24.06.2024 00:30:45.010,1.5162200000000001,1.51579,900,120
24.06.2024 00:30:46.014,1.51621,1.51579,450,120
24.06.2024 00:30:49.125,1.51619,1.5158,450,120
24.06.2024 00:30:50.130,1.51621,1.5158,450,120
24.06.2024 00:30:52.138,1.51621,1.51579,450,120
24.06.2024 00:30:54.145,1.5162200000000001,1.51579,450,120
24.06.2024 00:30:55.599,1.5162200000000001,1.51578,450,120
24.06.2024 00:30:58.760,1.5162200000000001,1.51577,450,120
24.06.2024 00:31:02.069,1.5162200000000001,1.51578,450,120
24.06.2024 00:31:04.276,1.5162,1.51579,450,120
24.06.2024 00:31:04.478,1.5162,1.51577,450,120
24.06.2024 00:31:05.282,1.51618,1.51573,540,120
24.06.2024 00:31:06.486,1.5161700000000002,1.51573,450,120
24.06.2024 00:31:07.459,1.5161600000000002,1.51573,450,120
24.06.2024 00:31:09.517,1.5161700000000002,1.51573,450,120
24.06.2024 00:31:12.074,1.51618,1.51573,540,120
24.06.2024 00:31:13.077,1.5161700000000002,1.51573,450,120
24.06.2024 00:31:13.228,1.5161700000000002,1.51574,450,120
24.06.2024 00:31:14.079,1.51618,1.51574,450,120
24.06.2024 00:31:15.082,1.5161600000000002,1.5157500000000002,450,120
24.06.2024 00:31:17.894,1.5161700000000002,1.5157200000000002,450,120
24.06.2024 00:31:20.207,1.5161600000000002,1.5157200000000002,450,120
24.06.2024 00:31:22.663,1.5161600000000002,1.5157,450,120
24.06.2024 00:31:23.215,1.51615,1.5157,450,120
24.06.2024 00:31:23.769,1.51613,1.5157100000000001,450,120
24.06.2024 00:31:28.132,1.51614,1.5157200000000002,450,120
24.06.2024 00:31:29.086,1.51615,1.5157200000000002,450,120
24.06.2024 00:31:29.237,1.5161600000000002,1.5157200000000002,450,120
24.06.2024 00:31:30.091,1.5161700000000002,1.5157200000000002,900,120
24.06.2024 00:31:31.949,1.5161700000000002,1.5157500000000002,900,120
24.06.2024 00:31:32.302,1.5161600000000002,1.51578,450,120
24.06.2024 00:31:32.604,1.51618,1.51578,450,120
24.06.2024 00:31:33.909,1.51619,1.51578,450,120
24.06.2024 00:31:36.720,1.51619,1.5157600000000002,450,120
24.06.2024 00:31:45.053,1.51619,1.51578,900,120
24.06.2024 00:31:47.359,1.5162,1.51578,900,120
24.06.2024 00:31:47.862,1.5162,1.51577,900,120
24.06.2024 00:31:48.415,1.51619,1.51577,450,120
24.06.2024 00:31:49.569,1.5162,1.51578,450,120
24.06.2024 00:31:50.873,1.51623,1.51577,450,120
24.06.2024 00:31:53.080,1.51621,1.51577,450,120
24.06.2024 00:31:53.281,1.51621,1.5157600000000002,450,120
24.06.2024 00:31:54.119,1.51619,1.5157600000000002,450,120
24.06.2024 00:32:01.150,1.51621,1.5157600000000002,450,120
24.06.2024 00:32:02.154,1.51623,1.5157600000000002,450,120
24.06.2024 00:32:04.009,1.5162200000000001,1.5158,450,120
24.06.2024 00:32:06.064,1.5162200000000001,1.51579,450,120
24.06.2024 00:32:06.968,1.51621,1.51579,450,120
24.06.2024 00:32:07.069,1.51623,1.51578,450,120
24.06.2024 00:32:10.681,1.51623,1.51581,450,120
24.06.2024 00:32:10.832,1.51623,1.51584,450,120
24.06.2024 00:32:11.535,1.51628,1.51584,900,120
24.06.2024 00:32:11.988,1.51628,1.5158200000000002,450,120
24.06.2024 00:32:12.942,1.5162700000000002,1.5158200000000002,450,120
24.06.2024 00:32:13.143,1.5162700000000002,1.51584,450,120
24.06.2024 00:32:17.007,1.5162700000000002,1.51583,450,120
24.06.2024 00:32:18.112,1.5162700000000002,1.51584,900,120
24.06.2024 00:32:19.869,1.5162700000000002,1.5158200000000002,450,120
24.06.2024 00:32:20.220,1.51625,1.51583,450,120
24.06.2024 00:32:20.422,1.5162600000000002,1.51584,450,120
24.06.2024 00:32:21.227,1.5162700000000002,1.51584,450,120
24.06.2024 00:32:21.428,1.5162900000000001,1.51584,450,120
24.06.2024 00:32:21.679,1.5162900000000001,1.51587,450,120
24.06.2024 00:32:21.831,1.5162900000000001,1.5159200000000002,450,120
24.06.2024 00:32:21.932,1.51635,1.51598,450,120
24.06.2024 00:32:22.134,1.5164,1.51597,900,120
24.06.2024 00:32:22.184,1.5163900000000001,1.516,900,120
24.06.2024 00:32:23.139,1.51644,1.51599,450,120
24.06.2024 00:32:23.691,1.51643,1.51598,450,120
24.06.2024 00:32:24.344,1.5163900000000001,1.51597,450,120
24.06.2024 00:32:26.152,1.51642,1.51597,450,120
24.06.2024 00:32:26.805,1.51641,1.5159600000000002,450,120
24.06.2024 00:32:27.107,1.5164,1.5159200000000002,120,120
24.06.2024 00:32:27.359,1.5163600000000002,1.5159200000000002,450,120
24.06.2024 00:32:29.464,1.5163600000000002,1.51594,450,120
24.06.2024 00:32:29.766,1.5164,1.51597,900,120
24.06.2024 00:32:30.118,1.5164,1.51599,900,120
24.06.2024 00:32:30.821,1.51642,1.51599,450,120
24.06.2024 00:32:31.373,1.51642,1.51597,450,120
24.06.2024 00:32:31.925,1.5164,1.51597,450,120
24.06.2024 00:32:33.029,1.51641,1.51597,450,120
24.06.2024 00:32:33.931,1.5164,1.51594,120,120
24.06.2024 00:32:34.033,1.51635,1.51594,450,120
24.06.2024 00:32:35.116,1.5163700000000002,1.51594,450,120
24.06.2024 00:32:36.221,1.51635,1.51594,450,120
24.06.2024 00:32:37.224,1.5163700000000002,1.51594,450,120
24.06.2024 00:32:41.239,1.51635,1.51594,450,120
24.06.2024 00:32:42.494,1.5163600000000002,1.5159500000000001,900,120
24.06.2024 00:32:43.247,1.5163600000000002,1.51594,450,120
24.06.2024 00:32:44.300,1.5163700000000002,1.51594,900,120
24.06.2024 00:32:45.356,1.5163600000000002,1.51594,450,120
24.06.2024 00:33:00.151,1.51634,1.5159500000000001,450,120
24.06.2024 00:33:01.155,1.5163600000000002,1.51594,450,120
24.06.2024 00:33:03.916,1.5163600000000002,1.51597,450,120
24.06.2024 00:33:04.319,1.5163900000000001,1.51597,450,120
24.06.2024 00:33:05.172,1.51638,1.51597,450,120
24.06.2024 00:33:05.374,1.51638,1.5159600000000002,450,120
24.06.2024 00:33:05.676,1.5163700000000002,1.5159600000000002,450,120
24.06.2024 00:33:06.930,1.5163700000000002,1.5158500000000001,450,450
24.06.2024 00:33:08.187,1.5163700000000002,1.51591,900,120
24.06.2024 00:33:08.338,1.5163600000000002,1.51591,450,120
24.06.2024 00:33:08.539,1.51635,1.51591,450,120
24.06.2024 00:33:09.293,1.51634,1.5159,450,120
24.06.2024 00:33:09.444,1.51633,1.51589,450,120
24.06.2024 00:33:10.198,1.51633,1.51588,450,120
24.06.2024 00:33:10.450,1.51633,1.51589,450,120
24.06.2024 00:33:12.559,1.5163200000000001,1.51589,450,120
24.06.2024 00:33:16.725,1.51633,1.51589,900,120
24.06.2024 00:33:17.077,1.51633,1.51588,450,120
24.06.2024 00:33:17.178,1.51634,1.51588,900,120
24.06.2024 00:33:18.081,1.5163200000000001,1.51588,450,120
24.06.2024 00:33:18.482,1.5163200000000001,1.51587,450,120
24.06.2024 00:33:18.784,1.5163200000000001,1.51588,450,120
24.06.2024 00:33:19.085,1.5163200000000001,1.51589,900,120
24.06.2024 00:33:23.521,1.51633,1.51589,900,120
24.06.2024 00:33:24.323,1.51633,1.51591,450,120
24.06.2024 00:33:26.781,1.51634,1.51591,450,120
24.06.2024 00:33:27.833,1.5163200000000001,1.5159200000000002,450,120
24.06.2024 00:33:29.287,1.51634,1.51591,900,120
24.06.2024 00:33:32.343,1.51633,1.51591,450,120
24.06.2024 00:33:39.364,1.5163200000000001,1.51591,450,120
24.06.2024 00:33:40.367,1.5163,1.5159200000000002,450,120
24.06.2024 00:33:40.568,1.5163,1.5159,450,120
24.06.2024 00:33:45.682,1.5163200000000001,1.51589,900,120
24.06.2024 00:33:46.685,1.51631,1.51589,450,120
24.06.2024 00:33:47.539,1.51631,1.5159,450,120
24.06.2024 00:33:47.741,1.5163200000000001,1.5159,450,120
24.06.2024 00:33:51.756,1.51631,1.5159,450,120
24.06.2024 00:33:52.509,1.51631,1.51587,450,120
24.06.2024 00:33:55.472,1.5163200000000001,1.51587,900,120
24.06.2024 00:33:56.527,1.51631,1.51587,450,120
24.06.2024 00:33:58.634,1.5163200000000001,1.51587,900,120
24.06.2024 00:33:59.186,1.5163200000000001,1.5158600000000002,900,120
24.06.2024 00:33:59.738,1.5163,1.5158600000000002,450,120
24.06.2024 00:34:00.242,1.5163,1.51587,450,120
24.06.2024 00:34:00.744,1.5163,1.51588,900,120
24.06.2024 00:34:01.749,1.5163200000000001,1.51587,450,120
24.06.2024 00:34:02.401,1.5163200000000001,1.51588,450,120
24.06.2024 00:34:04.761,1.5163200000000001,1.51587,450,120
24.06.2024 00:34:08.373,1.51631,1.51587,450,120
24.06.2024 00:34:09.377,1.5163200000000001,1.51587,900,120
24.06.2024 00:34:10.381,1.51631,1.51587,450,120
24.06.2024 00:34:11.386,1.51631,1.51588,450,120
24.06.2024 00:34:14.345,1.51631,1.51587,450,120
24.06.2024 00:34:22.370,1.51631,1.51588,450,120
24.06.2024 00:34:23.374,1.51633,1.51587,450,120
24.06.2024 00:34:24.930,1.51633,1.5159500000000001,900,120
24.06.2024 00:34:25.282,1.51633,1.5159600000000002,900,120
24.06.2024 00:34:25.885,1.5163600000000002,1.5159600000000002,450,120
24.06.2024 00:34:26.637,1.5163900000000001,1.5159600000000002,450,120
24.06.2024 00:34:26.990,1.5163700000000002,1.5159600000000002,450,120
24.06.2024 00:34:30.102,1.51635,1.5159600000000002,450,120
24.06.2024 00:34:31.057,1.5163600000000002,1.51597,450,120
24.06.2024 00:34:32.061,1.51634,1.51597,450,120
24.06.2024 00:34:33.818,1.51635,1.51598,450,120
24.06.2024 00:34:34.119,1.51638,1.51598,450,120
24.06.2024 00:34:35.174,1.51638,1.5159600000000002,450,120
24.06.2024 00:34:35.526,1.5163600000000002,1.51597,450,120
24.06.2024 00:34:41.999,1.5163600000000002,1.5159600000000002,450,120
24.06.2024 00:34:43.454,1.5163700000000002,1.5159600000000002,900,120
24.06.2024 00:34:46.615,1.5163600000000002,1.5159600000000002,450,120
24.06.2024 00:34:48.776,1.5163700000000002,1.5159600000000002,450,120
24.06.2024 00:34:51.785,1.5163700000000002,1.5159500000000001,450,120
24.06.2024 00:34:53.189,1.5163600000000002,1.5159500000000001,450,120
24.06.2024 00:34:54.192,1.5163700000000002,1.5159600000000002,540,120
24.06.2024 00:34:55.345,1.5163700000000002,1.5159600000000002,450,120
24.06.2024 00:34:56.498,1.51638,1.51597,450,120
24.06.2024 00:34:56.649,1.5164,1.5159600000000002,900,120
24.06.2024 00:35:00.791,1.5163900000000001,1.5159600000000002,450,120
24.06.2024 00:35:01.043,1.5163900000000001,1.51599,450,120
24.06.2024 00:35:01.395,1.5163900000000001,1.51598,450,120
24.06.2024 00:35:02.098,1.5164,1.51598,900,120
24.06.2024 00:35:03.404,1.51638,1.51599,450,120
24.06.2024 00:35:04.507,1.5163900000000001,1.51599,900,120
24.06.2024 00:35:05.261,1.5164,1.5159600000000002,900,120
24.06.2024 00:35:05.563,1.51638,1.51598,450,120
24.06.2024 00:35:06.669,1.5163900000000001,1.51598,450,120
24.06.2024 00:35:08.627,1.51638,1.516,450,120
24.06.2024 00:35:09.028,1.5163900000000001,1.516,900,120
24.06.2024 00:35:17.199,1.5164,1.51601,450,120
24.06.2024 00:35:17.300,1.5164,1.5160600000000002,450,120
24.06.2024 00:35:17.802,1.5164700000000002,1.5160600000000002,450,120
24.06.2024 00:35:19.616,1.5164700000000002,1.51608,450,120
24.06.2024 00:35:19.918,1.5164700000000002,1.5161,450,120
24.06.2024 00:35:20.119,1.5164900000000001,1.5160600000000002,450,120
24.06.2024 00:35:20.221,1.51645,1.51601,1800,120
24.06.2024 00:35:21.225,1.51644,1.51601,450,120
24.06.2024 00:35:23.285,1.5164,1.51601,450,120
24.06.2024 00:35:23.487,1.5164,1.51599,450,120
24.06.2024 00:35:24.340,1.5164,1.516,450,120
24.06.2024 00:35:25.194,1.51641,1.51598,450,120
24.06.2024 00:35:25.546,1.51641,1.51599,450,120
24.06.2024 00:35:26.550,1.51641,1.51598,450,120
24.06.2024 00:35:27.554,1.51642,1.51599,450,120
24.06.2024 00:35:28.558,1.51642,1.51598,450,120
24.06.2024 00:35:30.767,1.51641,1.516,450,120
24.06.2024 00:35:31.822,1.51642,1.5160200000000001,450,120
24.06.2024 00:35:32.224,1.51642,1.51603,450,120
24.06.2024 00:35:32.525,1.51643,1.51603,450,120
24.06.2024 00:35:34.181,1.51644,1.51603,450,120
24.06.2024 00:35:35.336,1.51644,1.516,450,120
24.06.2024 00:35:36.541,1.51643,1.51604,450,120
24.06.2024 00:35:37.593,1.51645,1.51603,900,120
24.06.2024 00:35:42.833,1.51643,1.51604,450,120
24.06.2024 00:35:43.837,1.51645,1.51603,900,120
24.06.2024 00:35:44.138,1.51644,1.51603,450,120
24.06.2024 00:35:46.998,1.51643,1.51603,450,120
24.06.2024 00:35:47.249,1.51643,1.516,450,120
24.06.2024 00:35:48.002,1.51642,1.516,450,120
24.06.2024 00:35:51.713,1.51642,1.51603,450,120
24.06.2024 00:35:52.216,1.51642,1.51604,450,120
24.06.2024 00:35:53.220,1.51644,1.51603,450,120
24.06.2024 00:35:53.320,1.51643,1.51601,450,120
24.06.2024 00:35:54.224,1.51643,1.516,450,120
24.06.2024 00:35:55.328,1.51644,1.516,450,120
24.06.2024 00:35:56.733,1.51644,1.51598,450,120
24.06.2024 00:35:57.135,1.51644,1.516,450,120
24.06.2024 00:35:57.336,1.51643,1.516,450,120
24.06.2024 00:36:02.154,1.51643,1.51599,450,120
24.06.2024 00:36:02.205,1.5164,1.51594,120,120
24.06.2024 00:36:02.357,1.51635,1.51594,450,120
24.06.2024 00:36:03.512,1.5163700000000002,1.51594,450,120
24.06.2024 00:36:04.366,1.5163900000000001,1.51594,1350,120
24.06.2024 00:36:04.617,1.51638,1.51594,450,120
24.06.2024 00:36:04.718,1.51638,1.5159200000000002,450,120
24.06.2024 00:36:05.370,1.5163600000000002,1.5159200000000002,450,120
24.06.2024 00:36:05.572,1.51635,1.5159200000000002,450,120
24.06.2024 00:36:06.475,1.5163600000000002,1.5159500000000001,900,120
24.06.2024 00:36:07.479,1.5163700000000002,1.5159200000000002,450,120
24.06.2024 00:36:07.631,1.51638,1.5159200000000002,900,120
24.06.2024 00:36:08.334,1.51634,1.51593,450,120
24.06.2024 00:36:08.986,1.51634,1.5159500000000001,450,120
24.06.2024 00:36:09.338,1.5163700000000002,1.51594,450,120
24.06.2024 00:36:09.740,1.51638,1.51594,900,120
24.06.2024 00:36:10.744,1.51638,1.5159200000000002,900,120
24.06.2024 00:36:10.946,1.51633,1.5159200000000002,450,120
24.06.2024 00:36:11.951,1.5163200000000001,1.5159200000000002,450,120
24.06.2024 00:36:13.007,1.51631,1.51591,450,120
24.06.2024 00:36:14.012,1.5163200000000001,1.51588,450,120
24.06.2024 00:36:15.916,1.51631,1.51588,450,120
24.06.2024 00:36:16.819,1.5163,1.51591,450,120
24.06.2024 00:36:16.920,1.5163200000000001,1.5159,450,120
24.06.2024 00:36:17.922,1.51633,1.51591,900,120
24.06.2024 00:36:18.928,1.5163200000000001,1.51591,450,120
24.06.2024 00:36:19.831,1.51633,1.51593,450,120
24.06.2024 00:36:19.932,1.5163200000000001,1.51593,450,120
24.06.2024 00:36:20.083,1.51633,1.51594,450,120
24.06.2024 00:36:20.586,1.51633,1.51593,450,120
24.06.2024 00:36:21.138,1.5163700000000002,1.51593,450,120
24.06.2024 00:36:21.842,1.5163600000000002,1.5159200000000002,450,120
24.06.2024 00:36:22.797,1.51635,1.51591,450,120
24.06.2024 00:36:23.349,1.51633,1.5159200000000002,450,120
24.06.2024 00:36:26.609,1.5163700000000002,1.51591,450,120
24.06.2024 00:36:34.916,1.5163700000000002,1.51594,450,120
24.06.2024 00:36:36.625,1.5163900000000001,1.51594,900,120
24.06.2024 00:36:36.776,1.5163900000000001,1.51597,900,120
24.06.2024 00:36:37.980,1.51638,1.5159600000000002,900,120
24.06.2024 00:36:38.081,1.51638,1.5159500000000001,450,120
24.06.2024 00:36:38.332,1.51638,1.51593,450,120
24.06.2024 00:36:39.235,1.51638,1.5159500000000001,450,120
24.06.2024 00:36:39.837,1.5163900000000001,1.5159500000000001,900,120
24.06.2024 00:36:41.947,1.5163900000000001,1.51593,900,120
24.06.2024 00:36:42.299,1.51638,1.5159600000000002,900,120
24.06.2024 00:36:44.959,1.51638,1.5159500000000001,450,120
24.06.2024 00:36:46.314,1.51638,1.51593,450,120
24.06.2024 00:36:46.767,1.5163700000000002,1.51593,450,120
24.06.2024 00:36:47.470,1.5163700000000002,1.5159500000000001,450,120
24.06.2024 00:36:47.772,1.5163700000000002,1.5159600000000002,900,120
24.06.2024 00:36:48.374,1.5163900000000001,1.5159500000000001,450,120
24.06.2024 00:36:48.526,1.5163900000000001,1.51593,450,120
24.06.2024 00:36:48.777,1.5163700000000002,1.51594,450,120
24.06.2024 00:36:48.928,1.51638,1.5159500000000001,450,120
24.06.2024 00:36:49.631,1.51638,1.51598,450,120
24.06.2024 00:36:49.733,1.51641,1.51603,450,120
24.06.2024 00:36:50.736,1.5164700000000002,1.51604,450,120
24.06.2024 00:36:52.995,1.51645,1.51604,450,120
24.06.2024 00:36:54.200,1.51648,1.51603,900,120
24.06.2024 00:36:54.902,1.5164700000000002,1.51603,450,120
24.06.2024 00:36:56.509,1.5164600000000001,1.51603,450,120
24.06.2024 00:37:00.372,1.5164600000000001,1.5160200000000001,900,120
24.06.2024 00:37:00.974,1.51645,1.51604,900,120
24.06.2024 00:37:01.627,1.5164600000000001,1.5160500000000001,900,120
24.06.2024 00:37:02.883,1.5164600000000001,1.5160200000000001,900,120
24.06.2024 00:37:03.636,1.51644,1.5160200000000001,450,120
24.06.2024 00:37:05.146,1.51644,1.51603,450,120
24.06.2024 00:37:07.653,1.51643,1.51603,450,120
24.06.2024 00:37:08.656,1.51644,1.51603,450,120
24.06.2024 00:37:09.659,1.51643,1.51603,450,120
24.06.2024 00:37:12.617,1.51644,1.51603,450,120
24.06.2024 00:37:14.623,1.51641,1.51604,450,120
24.06.2024 00:37:17.634,1.51642,1.51604,450,120
24.06.2024 00:37:18.486,1.51645,1.5160600000000002,450,120
24.06.2024 00:37:18.912,1.51645,1.5160500000000001,450,120
24.06.2024 00:37:19.922,1.5164600000000001,1.5160600000000002,450,120
24.06.2024 00:37:21.978,1.51648,1.5160500000000001,450,120
24.06.2024 00:37:22.330,1.51643,1.5160600000000002,450,120
24.06.2024 00:37:22.532,1.51644,1.51603,450,120
24.06.2024 00:37:25.341,1.51645,1.51603,450,120
24.06.2024 00:37:26.343,1.51643,1.51604,450,120
24.06.2024 00:37:27.346,1.51643,1.51603,450,120
24.06.2024 00:37:28.349,1.51645,1.51603,450,120
24.06.2024 00:37:28.451,1.5164600000000001,1.5160500000000001,900,120
24.06.2024 00:37:31.611,1.51644,1.5160600000000002,450,120
24.06.2024 00:37:32.665,1.51645,1.5160600000000002,450,120
24.06.2024 00:37:36.680,1.5164600000000001,1.5160700000000003,450,120
24.06.2024 00:37:36.831,1.5164900000000001,1.5160700000000003,900,120
24.06.2024 00:37:37.334,1.51648,1.51613,450,120
24.06.2024 00:37:37.836,1.51652,1.5161200000000001,450,120
24.06.2024 00:37:38.038,1.51651,1.5161,450,120
24.06.2024 00:37:38.389,1.51652,1.51608,450,120
24.06.2024 00:37:38.491,1.51648,1.5160600000000002,450,120
24.06.2024 00:37:38.642,1.5164600000000001,1.5160600000000002,450,120
24.06.2024 00:37:39.546,1.51648,1.5160500000000001,900,120
24.06.2024 00:37:40.149,1.51645,1.5160500000000001,450,120
24.06.2024 00:37:41.153,1.51645,1.5160600000000002,450,120
24.06.2024 00:37:42.408,1.51644,1.5160600000000002,450,120
24.06.2024 00:37:43.463,1.51644,1.51601,450,120
24.06.2024 00:37:44.768,1.51644,1.516,450,120
24.06.2024 00:37:45.823,1.51644,1.51601,900,120
24.06.2024 00:37:46.877,1.51645,1.51601,450,120
24.06.2024 00:37:50.995,1.51644,1.51601,450,120
24.06.2024 00:37:52.198,1.51645,1.51601,450,120
24.06.2024 00:37:53.203,1.51644,1.51601,450,120
24.06.2024 00:37:54.707,1.51645,1.51601,450,120
24.06.2024 00:37:57.714,1.51643,1.5160200000000001,450,120
24.06.2024 00:38:02.978,1.51642,1.5160200000000001,450,120
24.06.2024 00:38:04.684,1.51642,1.51601,450,120
24.06.2024 00:38:06.141,1.51643,1.51599,450,120
24.06.2024 00:38:06.191,1.51641,1.51599,450,120
24.06.2024 00:38:06.493,1.51641,1.51601,450,120
24.06.2024 00:38:07.296,1.51643,1.51601,450,120
24.06.2024 00:38:08.099,1.51642,1.51601,450,120
24.06.2024 00:38:14.155,1.51641,1.51601,450,120
24.06.2024 00:38:15.159,1.5163900000000001,1.51601,450,120
24.06.2024 00:38:17.169,1.51638,1.51601,450,120
24.06.2024 00:38:20.381,1.5163700000000002,1.51598,450,120
24.06.2024 00:38:20.582,1.5163900000000001,1.51597,450,120
24.06.2024 00:38:21.585,1.51638,1.51597,450,120
24.06.2024 00:38:22.539,1.5163600000000002,1.51598,450,120
24.06.2024 00:38:24.295,1.51638,1.51597,450,120
24.06.2024 00:38:25.299,1.5163700000000002,1.51597,450,120
24.06.2024 00:38:26.302,1.51638,1.51597,450,120
24.06.2024 00:38:28.259,1.5163700000000002,1.51597,450,120
24.06.2024 00:38:29.263,1.5164,1.51599,1350,120
24.06.2024 00:38:29.414,1.5163900000000001,1.51599,450,120
24.06.2024 00:38:30.268,1.51638,1.51599,450,120
24.06.2024 00:38:30.669,1.5163700000000002,1.51599,450,120
24.06.2024 00:38:31.272,1.5163900000000001,1.51598,450,120
24.06.2024 00:38:32.276,1.51638,1.51598,450,120
24.06.2024 00:38:34.334,1.5163600000000002,1.51598,450,120
24.06.2024 00:38:35.337,1.5163700000000002,1.51598,450,120
24.06.2024 00:38:35.789,1.5163700000000002,1.5159600000000002,450,120
24.06.2024 00:38:36.342,1.51635,1.5159600000000002,450,120
24.06.2024 00:38:36.694,1.51634,1.5159600000000002,450,120
24.06.2024 00:38:36.946,1.5163900000000001,1.51597,450,450
24.06.2024 00:38:36.997,1.5163700000000002,1.51597,450,450
24.06.2024 00:38:37.349,1.51635,1.5159500000000001,450,120
24.06.2024 00:38:38.253,1.5163700000000002,1.5159600000000002,450,120
24.06.2024 00:38:39.208,1.5163600000000002,1.51597,450,120
24.06.2024 00:38:47.890,1.5163600000000002,1.51598,450,120
24.06.2024 00:38:47.991,1.5164,1.51597,450,120
24.06.2024 00:38:48.393,1.5164,1.51598,900,120
24.06.2024 00:38:49.095,1.51641,1.51598,900,120
24.06.2024 00:38:49.999,1.51641,1.51597,450,120
24.06.2024 00:38:51.002,1.51641,1.51598,900,120
24.06.2024 00:38:52.004,1.5164,1.51598,450,120
24.06.2024 00:38:56.515,1.51642,1.51597,450,120
24.06.2024 00:38:57.569,1.51643,1.51597,900,120
24.06.2024 00:38:58.070,1.51642,1.51597,450,120
24.06.2024 00:38:58.321,1.51641,1.51597,450,120
24.06.2024 00:38:58.522,1.51641,1.5159600000000002,450,120
24.06.2024 00:38:59.526,1.5164,1.5159600000000002,450,120
24.06.2024 00:39:01.533,1.51638,1.51597,450,120
24.06.2024 00:39:02.537,1.5164,1.5159600000000002,900,120
24.06.2024 00:39:04.092,1.5164,1.5159500000000001,900,120
24.06.2024 00:39:04.494,1.5163900000000001,1.5159500000000001,450,120
24.06.2024 00:39:05.497,1.51638,1.5159500000000001,450,120
24.06.2024 00:39:06.375,1.5163700000000002,1.51594,900,120
24.06.2024 00:39:06.427,1.51633,1.51594,450,120
24.06.2024 00:39:08.386,1.51635,1.51593,450,120
24.06.2024 00:39:08.539,1.51635,1.51594,450,120
24.06.2024 00:39:08.943,1.51635,1.5159200000000002,450,120
24.06.2024 00:39:09.295,1.51634,1.5159200000000002,450,120
24.06.2024 00:39:10.348,1.51635,1.5159200000000002,450,120
24.06.2024 00:39:10.399,1.51633,1.5159200000000002,450,120
24.06.2024 00:39:14.312,1.5163700000000002,1.5159200000000002,900,120
24.06.2024 00:39:17.269,1.51638,1.5159200000000002,1350,120
24.06.2024 00:39:17.320,1.5163600000000002,1.5159200000000002,450,120
24.06.2024 00:39:20.432,1.5163700000000002,1.5159200000000002,450,120
24.06.2024 00:39:23.339,1.51633,1.5159200000000002,450,120
24.06.2024 00:39:25.497,1.5163200000000001,1.5159200000000002,450,120
24.06.2024 00:39:27.504,1.51633,1.5159200000000002,450,120
24.06.2024 00:39:32.320,1.5163200000000001,1.5159500000000001,450,120
24.06.2024 00:39:33.475,1.51633,1.5159500000000001,450,120
24.06.2024 00:39:34.479,1.5163200000000001,1.5159500000000001,450,120
24.06.2024 00:39:42.910,1.51633,1.5159500000000001,450,120
24.06.2024 00:39:43.413,1.51633,1.51597,450,120
24.06.2024 00:39:45.922,1.51635,1.5159600000000002,450,120
24.06.2024 00:39:52.698,1.51634,1.5159600000000002,450,120
24.06.2024 00:39:53.703,1.51635,1.5159600000000002,450,120
24.06.2024 00:39:54.707,1.5163600000000002,1.51597,450,120
24.06.2024 00:39:55.710,1.51635,1.51597,450,120
24.06.2024 00:39:57.667,1.5163600000000002,1.51597,450,120
24.06.2024 00:39:58.018,1.5163700000000002,1.51598,450,120
24.06.2024 00:39:58.681,1.51633,1.51599,450,120
24.06.2024 00:39:59.685,1.51634,1.51599,450,120
24.06.2024 00:40:00.687,1.51634,1.51598,450,120
24.06.2024 00:40:01.690,1.5163200000000001,1.51599,450,120
24.06.2024 00:40:06.403,1.51634,1.51599,450,120
24.06.2024 00:40:10.165,1.51635,1.5159600000000002,450,120
24.06.2024 00:40:10.265,1.5163900000000001,1.51597,450,120
24.06.2024 00:40:10.567,1.5164,1.51599,450,120
24.06.2024 00:40:11.270,1.51641,1.51599,450,120
24.06.2024 00:40:15.283,1.5163900000000001,1.516,450,120
24.06.2024 00:40:18.293,1.5163900000000001,1.51599,450,120
24.06.2024 00:40:19.298,1.5164,1.51599,450,120
24.06.2024 00:40:20.304,1.5163900000000001,1.51599,450,120
24.06.2024 00:40:21.307,1.5163600000000002,1.516,450,120
24.06.2024 00:40:21.659,1.5163700000000002,1.51598,450,120
24.06.2024 00:40:22.312,1.51634,1.51599,450,120
24.06.2024 00:40:24.268,1.5163600000000002,1.51598,450,120
24.06.2024 00:40:25.272,1.51633,1.51599,450,120
24.06.2024 00:40:26.125,1.5163700000000002,1.51598,450,120
24.06.2024 00:40:34.452,1.5163700000000002,1.51599,450,120
24.06.2024 00:40:34.553,1.51638,1.51599,450,120
24.06.2024 00:40:34.654,1.51642,1.51604,900,540
24.06.2024 00:40:35.810,1.51644,1.51604,900,120
24.06.2024 00:40:36.613,1.5164600000000001,1.51604,900,120
24.06.2024 00:40:36.814,1.5164600000000001,1.51603,450,120
24.06.2024 00:40:40.178,1.51645,1.5160200000000001,450,120
24.06.2024 00:40:40.481,1.51643,1.5160200000000001,450,120
24.06.2024 00:40:41.834,1.51644,1.5160200000000001,450,120
24.06.2024 00:40:44.341,1.51645,1.5160200000000001,450,120
24.06.2024 00:40:47.323,1.5164700000000002,1.5160200000000001,900,120
24.06.2024 00:40:49.785,1.5164700000000002,1.51601,900,120
24.06.2024 00:40:50.087,1.51644,1.5160200000000001,450,120
24.06.2024 00:40:51.040,1.51645,1.5160200000000001,450,120
24.06.2024 00:40:51.292,1.51645,1.5160600000000002,450,120
24.06.2024 00:40:52.096,1.5164900000000001,1.5160700000000003,450,120
24.06.2024 00:40:53.251,1.51651,1.5160600000000002,450,120
24.06.2024 00:40:55.058,1.5165000000000002,1.5160600000000002,450,120
24.06.2024 00:40:55.309,1.5164900000000001,1.51608,450,120
24.06.2024 00:40:56.464,1.5165000000000002,1.51608,450,120
24.06.2024 00:40:56.615,1.5165000000000002,1.5160600000000002,450,120
24.06.2024 00:40:58.373,1.51652,1.5160500000000001,900,120
24.06.2024 00:40:58.624,1.51652,1.51604,900,120
24.06.2024 00:41:00.080,1.51651,1.51604,450,120
24.06.2024 00:41:01.487,1.51651,1.5160500000000001,1350,120
24.06.2024 00:41:02.943,1.51651,1.51604,450,120
24.06.2024 00:41:03.797,1.5165000000000002,1.51604,450,120
24.06.2024 00:41:05.805,1.51648,1.5160500000000001,450,120
24.06.2024 00:41:06.659,1.5164700000000002,1.5160500000000001,450,120
24.06.2024 00:41:08.969,1.5164900000000001,1.51604,450,120
24.06.2024 00:41:09.322,1.5164900000000001,1.51603,450,120
24.06.2024 00:41:10.226,1.5164700000000002,1.51603,450,120
24.06.2024 00:41:11.228,1.51648,1.51603,900,120
24.06.2024 00:41:12.381,1.5164600000000001,1.51604,450,120
24.06.2024 00:41:13.033,1.5164700000000002,1.516,450,120
24.06.2024 00:41:13.285,1.51645,1.51601,450,120
24.06.2024 00:41:13.437,1.51644,1.516,450,120
24.06.2024 00:41:14.490,1.51645,1.516,900,120
24.06.2024 00:41:18.451,1.51644,1.5160200000000001,450,120
24.06.2024 00:41:18.853,1.5164600000000001,1.5160200000000001,450,120
24.06.2024 00:41:19.205,1.5164700000000002,1.5160200000000001,900,120
24.06.2024 00:41:19.557,1.5164700000000002,1.51603,900,120
24.06.2024 00:41:20.210,1.51648,1.51603,450,120
24.06.2024 00:41:25.427,1.51648,1.51604,450,120
24.06.2024 00:41:26.431,1.51648,1.51603,450,120
24.06.2024 00:41:28.437,1.5164900000000001,1.51603,450,120
24.06.2024 00:41:31.228,1.5164700000000002,1.51603,450,120
24.06.2024 00:41:32.484,1.5164600000000001,1.51603,450,120
24.06.2024 00:41:33.088,1.5164900000000001,1.51604,450,450
24.06.2024 00:41:33.440,1.51648,1.51604,450,450
24.06.2024 00:41:34.093,1.5164700000000002,1.5160700000000003,450,450
24.06.2024 00:41:34.545,1.5165000000000002,1.5160600000000002,450,450
24.06.2024 00:41:34.997,1.5165000000000002,1.5160700000000003,450,450
24.06.2024 00:41:36.057,1.51651,1.5160700000000003,450,450
24.06.2024 00:41:36.158,1.51654,1.5160700000000003,450,450
24.06.2024 00:41:39.066,1.51653,1.5160700000000003,450,450
24.06.2024 00:41:40.070,1.51653,1.5160600000000002,450,540
24.06.2024 00:41:40.572,1.51653,1.5160500000000001,450,540
24.06.2024 00:41:44.985,1.51653,1.5160700000000003,450,120
24.06.2024 00:41:45.086,1.5164900000000001,1.51608,450,120
24.06.2024 00:41:45.438,1.5164900000000001,1.5161,450,120
24.06.2024 00:41:45.690,1.51652,1.5161,900,120
24.06.2024 00:41:46.944,1.51653,1.51608,450,540
24.06.2024 00:41:47.547,1.51654,1.51608,450,540
24.06.2024 00:41:47.698,1.51653,1.5161,450,120
24.06.2024 00:41:48.702,1.51654,1.51608,450,540
24.06.2024 00:41:49.756,1.51654,1.5161,900,120
24.06.2024 00:41:50.661,1.51655,1.5161,450,120
24.06.2024 00:41:52.869,1.51652,1.51611,450,120
24.06.2024 00:41:54.276,1.51654,1.5161,450,120
24.06.2024 00:41:54.677,1.51652,1.5161,450,120
24.06.2024 00:41:58.040,1.51651,1.5161200000000001,450,120
24.06.2024 00:41:58.642,1.51651,1.51611,450,120
24.06.2024 00:41:59.747,1.51654,1.51608,900,120
24.06.2024 00:42:00.751,1.51652,1.51608,450,120
24.06.2024 00:42:02.107,1.51653,1.51608,900,120
24.06.2024 00:42:03.562,1.51652,1.5161,900,450
24.06.2024 00:42:04.567,1.51652,1.51611,450,450
24.06.2024 00:42:04.868,1.51653,1.51611,450,450
24.06.2024 00:42:08.434,1.51654,1.51609,450,120
24.06.2024 00:42:08.685,1.51652,1.51609,450,120
24.06.2024 00:42:10.490,1.51652,1.5161,450,120
24.06.2024 00:42:15.506,1.51651,1.5161,450,120
24.06.2024 00:42:18.443,1.51652,1.5161,450,120
24.06.2024 00:42:20.151,1.51653,1.5161,450,120
24.06.2024 00:42:20.352,1.51654,1.5161,450,120
24.06.2024 00:42:20.453,1.51652,1.5161,450,120
24.06.2024 00:42:20.604,1.51652,1.51609,450,120
24.06.2024 00:42:21.461,1.5165000000000002,1.5161,450,120
24.06.2024 00:42:27.826,1.51652,1.51609,450,120
24.06.2024 00:42:28.177,1.51652,1.51608,450,120
24.06.2024 00:42:28.328,1.51652,1.5160600000000002,450,120
24.06.2024 00:42:28.830,1.5164900000000001,1.5160600000000002,450,120
24.06.2024 00:42:29.834,1.51648,1.5160600000000002,450,120
24.06.2024 00:42:30.838,1.5164600000000001,1.5160600000000002,450,120
24.06.2024 00:42:31.392,1.5164600000000001,1.51608,450,120
24.06.2024 00:42:31.844,1.5164700000000002,1.51608,450,120
24.06.2024 00:42:32.848,1.51648,1.51608,450,120
24.06.2024 00:42:33.852,1.5164900000000001,1.51608,450,120
24.06.2024 00:42:35.810,1.5165000000000002,1.51608,450,120
24.06.2024 00:42:36.815,1.51651,1.51608,900,120
24.06.2024 00:42:38.823,1.5164900000000001,1.51608,450,120
24.06.2024 00:42:40.832,1.5164700000000002,1.51609,450,120
24.06.2024 00:42:42.688,1.5164700000000002,1.5160700000000003,450,120
24.06.2024 00:42:42.839,1.5164900000000001,1.5160600000000002,450,120
24.06.2024 00:42:43.542,1.5164900000000001,1.5160500000000001,450,120
24.06.2024 00:42:43.844,1.51648,1.5160500000000001,450,120
24.06.2024 00:42:44.849,1.5164600000000001,1.5160600000000002,450,120
24.06.2024 00:42:51.323,1.51645,1.5160600000000002,450,120
24.06.2024 00:42:53.331,1.5164700000000002,1.5160500000000001,450,120
24.06.2024 00:42:54.886,1.5164600000000001,1.5160500000000001,450,120
24.06.2024 00:42:57.141,1.5164700000000002,1.5160500000000001,450,120
24.06.2024 00:43:00.550,1.5164600000000001,1.5160500000000001,450,120
24.06.2024 00:43:06.513,1.5164700000000002,1.5160500000000001,450,120
24.06.2024 00:43:13.752,1.5164600000000001,1.5160500000000001,450,120
24.06.2024 00:43:13.804,1.5164600000000001,1.51601,450,120
24.06.2024 00:43:13.856,1.51642,1.51601,450,120
24.06.2024 00:43:14.711,1.5164600000000001,1.51601,900,120
24.06.2024 00:43:17.169,1.51643,1.5160200000000001,450,120
24.06.2024 00:43:17.420,1.51641,1.51601,450,120
24.06.2024 00:43:18.124,1.5164,1.51601,450,120
24.06.2024 00:43:18.175,1.51645,1.516,450,120
24.06.2024 00:43:18.878,1.5164700000000002,1.516,450,120
24.06.2024 00:43:19.029,1.5164700000000002,1.51603,450,120
24.06.2024 00:43:19.180,1.51645,1.51603,450,120
24.06.2024 00:43:22.191,1.51644,1.51603,450,120
24.06.2024 00:43:26.106,1.5164700000000002,1.51604,900,120
24.06.2024 00:43:27.111,1.5164600000000001,1.51603,450,120
24.06.2024 00:43:28.114,1.51645,1.51603,450,120
24.06.2024 00:43:29.118,1.51645,1.51604,450,120
24.06.2024 00:43:32.529,1.5164600000000001,1.51604,450,120
24.06.2024 00:43:33.533,1.51648,1.51603,450,120
24.06.2024 00:43:34.536,1.5164600000000001,1.51604,450,120
24.06.2024 00:43:35.540,1.51643,1.51604,450,120
24.06.2024 00:43:35.642,1.51644,1.51604,450,120
24.06.2024 00:43:36.546,1.5164600000000001,1.51604,450,120
24.06.2024 00:43:37.449,1.5164600000000001,1.5160600000000002,450,120
24.06.2024 00:43:37.550,1.51648,1.5160600000000002,450,120
24.06.2024 00:43:38.555,1.5164900000000001,1.5160700000000003,450,120
24.06.2024 00:43:40.511,1.51648,1.5160700000000003,450,120
24.06.2024 00:43:42.365,1.5164900000000001,1.51604,450,120
24.06.2024 00:43:42.516,1.51644,1.51603,450,450
24.06.2024 00:43:42.667,1.51642,1.51603,450,450
24.06.2024 00:43:42.768,1.51643,1.51599,450,120
24.06.2024 00:43:43.470,1.51643,1.51597,450,120
24.06.2024 00:43:43.672,1.51638,1.51598,450,120
24.06.2024 00:43:44.676,1.51638,1.51597,450,120
24.06.2024 00:43:46.331,1.51638,1.51598,900,120
24.06.2024 00:43:46.833,1.5163700000000002,1.51598,450,120
24.06.2024 00:43:50.425,1.51638,1.51593,450,120
24.06.2024 00:43:50.526,1.5163600000000002,1.51593,450,120
24.06.2024 00:43:50.878,1.51635,1.51593,450,120
24.06.2024 00:43:51.881,1.51634,1.51593,450,120
24.06.2024 00:43:57.607,1.51633,1.51593,450,120
24.06.2024 00:43:57.808,1.51633,1.51588,450,120
24.06.2024 00:43:58.761,1.51633,1.5159,450,120
24.06.2024 00:44:06.430,1.51631,1.51591,450,120
24.06.2024 00:44:08.635,1.51633,1.5159,900,120
24.06.2024 00:44:10.640,1.5163200000000001,1.5159,450,120
24.06.2024 00:44:11.394,1.5163200000000001,1.51593,450,120
24.06.2024 00:44:11.651,1.51634,1.51594,900,120
24.06.2024 00:44:12.654,1.5163600000000002,1.51594,450,120
24.06.2024 00:44:15.765,1.5163600000000002,1.51593,450,120
24.06.2024 00:44:18.827,1.5163700000000002,1.51593,900,120
24.06.2024 00:44:19.881,1.51635,1.51594,450,120
24.06.2024 00:44:23.545,1.5163700000000002,1.51593,450,120
24.06.2024 00:44:31.577,1.5163600000000002,1.51593,450,120
24.06.2024 00:44:31.978,1.5163600000000002,1.5159200000000002,450,120
24.06.2024 00:44:34.790,1.51635,1.5159200000000002,450,120
24.06.2024 00:44:35.342,1.51633,1.51591,450,120
24.06.2024 00:44:40.812,1.51631,1.5159200000000002,450,120
24.06.2024 00:44:41.917,1.51633,1.51591,450,120
24.06.2024 00:44:50.395,1.5163200000000001,1.51594,450,120
24.06.2024 00:44:50.797,1.51635,1.51593,450,120
24.06.2024 00:44:57.871,1.5163600000000002,1.51593,450,120
24.06.2024 00:45:03.188,1.51635,1.51593,450,120
24.06.2024 00:45:13.976,1.51634,1.5159200000000002,450,120
24.06.2024 00:45:14.379,1.51633,1.5159200000000002,450,120
24.06.2024 00:45:14.731,1.5163200000000001,1.5159200000000002,450,120
24.06.2024 00:45:15.734,1.51634,1.51591,900,120
24.06.2024 00:45:21.154,1.51633,1.51594,450,120
24.06.2024 00:45:21.756,1.51635,1.51593,450,120
24.06.2024 00:45:22.812,1.51634,1.5159600000000002,450,120
24.06.2024 00:45:23.739,1.5163700000000002,1.5159500000000001,450,120
24.06.2024 00:45:30.306,1.5163600000000002,1.51594,450,120
24.06.2024 00:45:30.758,1.5163600000000002,1.51593,450,120
24.06.2024 00:45:31.760,1.51635,1.51593,450,120
24.06.2024 00:45:31.861,1.51635,1.5159500000000001,450,120
24.06.2024 00:45:32.766,1.5164,1.5159500000000001,450,540
24.06.2024 00:45:33.769,1.51641,1.5159500000000001,450,540
24.06.2024 00:45:36.628,1.51641,1.51598,450,120
24.06.2024 00:45:36.829,1.51643,1.51598,900,120
24.06.2024 00:45:37.080,1.51643,1.51603,450,120
24.06.2024 00:45:37.883,1.5164700000000002,1.51603,450,120
24.06.2024 00:45:48.770,1.51645,1.51604,450,120
24.06.2024 00:45:54.341,1.51645,1.5160700000000003,450,120
24.06.2024 00:45:55.947,1.5164700000000002,1.5160600000000002,450,120
24.06.2024 00:46:00.162,1.5164600000000001,1.5160500000000001,450,120
24.06.2024 00:46:00.413,1.51644,1.51601,450,120
24.06.2024 00:46:03.425,1.51643,1.51601,450,120
24.06.2024 00:46:04.430,1.51644,1.51601,900,120
24.06.2024 00:46:07.441,1.51643,1.51601,450,120
24.06.2024 00:46:08.395,1.51644,1.51601,900,120
24.06.2024 00:46:10.103,1.51645,1.51601,450,120
24.06.2024 00:46:13.340,1.51644,1.51601,450,120
24.06.2024 00:46:17.303,1.51642,1.51601,450,120
24.06.2024 00:46:18.707,1.51643,1.51601,450,120
24.06.2024 00:46:22.719,1.51642,1.51601,450,120
24.06.2024 00:46:25.577,1.51641,1.51601,450,120
24.06.2024 00:46:27.532,1.5164,1.51601,450,120
24.06.2024 00:46:28.535,1.51642,1.51601,450,120
24.06.2024 00:46:35.707,1.5164,1.51601,450,120
24.06.2024 00:46:36.712,1.5163900000000001,1.51601,450,120
24.06.2024 00:46:37.113,1.5163900000000001,1.516,450,120
24.06.2024 00:46:37.264,1.51633,1.51601,450,120
24.06.2024 00:46:37.366,1.51644,1.51609,450,120
24.06.2024 00:46:37.517,1.5164700000000002,1.51609,450,120
24.06.2024 00:46:37.869,1.5164700000000002,1.5161200000000001,450,120
24.06.2024 00:46:38.321,1.51645,1.51613,450,120
24.06.2024 00:46:39.325,1.5164700000000002,1.5161200000000001,450,120
24.06.2024 00:46:40.330,1.51645,1.51613,450,120
24.06.2024 00:46:41.333,1.5164700000000002,1.5161200000000001,450,120
24.06.2024 00:46:42.186,1.5165000000000002,1.5161200000000001,450,120
24.06.2024 00:46:43.190,1.51651,1.5161200000000001,450,120
24.06.2024 00:46:43.943,1.51655,1.51614,450,120
24.06.2024 00:46:43.994,1.5165600000000001,1.5161,450,540
24.06.2024 00:46:44.296,1.5164900000000001,1.5161,450,120
24.06.2024 00:46:44.547,1.5164900000000001,1.51611,450,120
24.06.2024 00:46:44.648,1.51648,1.51614,450,120
24.06.2024 00:46:45.301,1.51653,1.51613,450,120
24.06.2024 00:46:47.208,1.5165700000000002,1.51613,450,120
24.06.2024 00:46:47.259,1.5165600000000001,1.5161700000000002,450,120
24.06.2024 00:46:48.213,1.5165700000000002,1.5161700000000002,900,120
24.06.2024 00:46:49.418,1.51658,1.51615,450,120
24.06.2024 00:46:50.172,1.51659,1.51615,1350,120
24.06.2024 00:46:51.328,1.51659,1.5161600000000002,1350,120
24.06.2024 00:46:53.938,1.51659,1.5162,450,120
24.06.2024 00:46:54.242,1.51658,1.5162,450,120
24.06.2024 00:46:54.494,1.51658,1.51619,450,120
24.06.2024 00:46:54.795,1.51658,1.51621,450,120
24.06.2024 00:46:55.270,1.5166000000000002,1.51621,450,120
24.06.2024 00:46:57.625,1.5166000000000002,1.5162200000000001,450,120
24.06.2024 00:46:58.883,1.5166000000000002,1.5162,450,120
24.06.2024 00:47:01.389,1.5166000000000002,1.5162200000000001,450,120
24.06.2024 00:47:01.590,1.5166000000000002,1.51621,450,120
24.06.2024 00:47:04.947,1.5166000000000002,1.51619,450,120
24.06.2024 00:47:05.149,1.51653,1.5162,450,120
24.06.2024 00:47:05.350,1.51654,1.5162,450,120
24.06.2024 00:47:05.604,1.51654,1.5161600000000002,450,120
24.06.2024 00:47:05.655,1.5164700000000002,1.5161700000000002,450,120
24.06.2024 00:47:05.907,1.51648,1.5161200000000001,450,120
24.06.2024 00:47:06.660,1.51651,1.5161200000000001,450,120
24.06.2024 00:47:07.664,1.51652,1.51613,450,120
24.06.2024 00:47:11.678,1.51651,1.51614,450,120
24.06.2024 00:47:11.880,1.5165600000000001,1.51615,450,120
24.06.2024 00:47:11.931,1.5165700000000002,1.5161600000000002,450,120
24.06.2024 00:47:12.834,1.51659,1.5161600000000002,900,120
24.06.2024 00:47:16.146,1.51658,1.5161600000000002,450,120
24.06.2024 00:47:17.150,1.5165700000000002,1.5161600000000002,450,120
24.06.2024 00:47:18.306,1.51658,1.5161600000000002,900,120
24.06.2024 00:47:18.858,1.51659,1.5161600000000002,450,120
24.06.2024 00:47:19.009,1.51659,1.5161700000000002,450,120
24.06.2024 00:47:19.411,1.51655,1.5161700000000002,450,120
24.06.2024 00:47:20.014,1.5166000000000002,1.5161700000000002,450,120
24.06.2024 00:47:20.918,1.5165700000000002,1.51618,450,120
24.06.2024 00:47:22.925,1.51659,1.5161700000000002,450,120
24.06.2024 00:47:24.833,1.51659,1.5161600000000002,450,120
24.06.2024 00:47:24.934,1.5166000000000002,1.5161700000000002,1350,120
24.06.2024 00:47:25.937,1.51658,1.5161600000000002,450,120
24.06.2024 00:47:27.894,1.51655,1.5161600000000002,450,120
24.06.2024 00:47:28.899,1.5165600000000001,1.5161600000000002,450,120
24.06.2024 00:47:29.903,1.51655,1.5161600000000002,450,120
24.06.2024 00:47:32.163,1.51655,1.5161700000000002,450,120
24.06.2024 00:47:32.615,1.51654,1.5161700000000002,450,120
24.06.2024 00:47:33.619,1.51655,1.5161700000000002,450,120
24.06.2024 00:47:35.625,1.51654,1.5161700000000002,450,120
24.06.2024 00:47:36.327,1.51658,1.51619,450,120
24.06.2024 00:47:37.181,1.51659,1.51619,450,120
24.06.2024 00:47:37.733,1.51655,1.5162,450,120
24.06.2024 00:47:41.745,1.5165700000000002,1.5162,450,120
24.06.2024 00:47:41.946,1.51658,1.5162,450,120
24.06.2024 00:47:42.749,1.51661,1.51619,450,120
24.06.2024 00:47:43.100,1.51661,1.5162,450,120
24.06.2024 00:47:43.702,1.5166000000000002,1.5162,450,120
24.06.2024 00:47:45.034,1.51661,1.5162,450,120
24.06.2024 00:47:45.737,1.51661,1.5162,450,120
24.06.2024 00:47:47.142,1.51662,1.5162,450,120
24.06.2024 00:47:47.845,1.51662,1.51619,450,120
24.06.2024 00:47:48.097,1.51662,1.5162,450,120
24.06.2024 00:47:48.502,1.51662,1.51619,450,120
24.06.2024 00:47:48.753,1.51658,1.5162,450,120
24.06.2024 00:47:50.007,1.51659,1.5161700000000002,450,120
24.06.2024 00:47:50.107,1.51652,1.5161700000000002,450,120
24.06.2024 00:47:50.860,1.5165700000000002,1.5161700000000002,450,120
24.06.2024 00:47:52.866,1.5165600000000001,1.5161700000000002,450,120
24.06.2024 00:47:54.322,1.51659,1.5161700000000002,900,540
24.06.2024 00:47:55.325,1.5166000000000002,1.51618,900,450
24.06.2024 00:47:56.327,1.51661,1.5161600000000002,900,540
24.06.2024 00:48:00.337,1.5166000000000002,1.51618,900,540
24.06.2024 00:48:01.040,1.5166000000000002,1.5161700000000002,450,120
24.06.2024 00:48:06.005,1.51661,1.5161700000000002,900,120
24.06.2024 00:48:06.508,1.51662,1.51621,450,450
24.06.2024 00:48:07.010,1.51658,1.51619,450,120
24.06.2024 00:48:07.312,1.51658,1.51621,450,120
24.06.2024 00:48:08.416,1.51658,1.51624,450,120
24.06.2024 00:48:08.517,1.51662,1.51625,450,120
24.06.2024 00:48:09.521,1.5166000000000002,1.51625,450,120
24.06.2024 00:48:09.622,1.51661,1.51623,450,120
24.06.2024 00:48:10.376,1.5165600000000001,1.5162,450,120
24.06.2024 00:48:11.380,1.51655,1.5162,450,120
24.06.2024 00:48:12.384,1.5165600000000001,1.5162,450,120
24.06.2024 00:48:16.246,1.5165700000000002,1.5161700000000002,450,120
24.06.2024 00:48:20.360,1.5165600000000001,1.5161700000000002,450,120
24.06.2024 00:48:20.912,1.5165600000000001,1.51619,450,120
24.06.2024 00:48:22.367,1.5165700000000002,1.51619,450,120
24.06.2024 00:48:23.421,1.5165600000000001,1.51619,450,120
24.06.2024 00:48:26.733,1.51655,1.51618,450,120
24.06.2024 00:48:30.396,1.51654,1.51618,450,120
24.06.2024 00:48:31.352,1.51655,1.51619,450,120
24.06.2024 00:48:31.403,1.5165700000000002,1.51619,450,120
24.06.2024 00:48:32.055,1.5165700000000002,1.5161700000000002,450,120
24.06.2024 00:48:32.407,1.5165600000000001,1.5161700000000002,450,120
24.06.2024 00:48:33.360,1.51655,1.5161700000000002,450,120
24.06.2024 00:48:34.463,1.51655,1.51615,450,120
24.06.2024 00:48:34.665,1.51648,1.51611,450,450
24.06.2024 00:48:35.618,1.5164700000000002,1.51611,450,120
24.06.2024 00:48:35.919,1.5164600000000001,1.51611,450,120
24.06.2024 00:48:36.671,1.51648,1.5161,450,120
24.06.2024 00:48:39.635,1.5164600000000001,1.5161,450,120
24.06.2024 00:48:39.986,1.5164600000000001,1.5161200000000001,450,120
24.06.2024 00:48:40.087,1.51651,1.5161200000000001,450,120
24.06.2024 00:48:41.091,1.51652,1.5161200000000001,450,120
24.06.2024 00:48:48.061,1.5165700000000002,1.5162600000000002,900,450
24.06.2024 00:48:48.112,1.51669,1.5162600000000002,450,450
24.06.2024 00:48:48.765,1.5166700000000002,1.5162600000000002,450,120
24.06.2024 00:48:48.867,1.51669,1.51634,450,450
24.06.2024 00:48:49.168,1.51674,1.51634,450,450
24.06.2024 00:48:49.871,1.51675,1.5163200000000001,450,450
24.06.2024 00:48:50.876,1.51675,1.51631,450,120
24.06.2024 00:48:51.679,1.51674,1.51631,450,540
24.06.2024 00:48:51.880,1.51674,1.5163200000000001,450,450
24.06.2024 00:48:52.734,1.51674,1.51631,450,450
24.06.2024 00:48:52.885,1.51674,1.5163,450,540
24.06.2024 00:48:53.839,1.51673,1.5163,450,540
24.06.2024 00:48:55.044,1.51673,1.51631,450,120
24.06.2024 00:48:56.600,1.51673,1.5163,450,540
24.06.2024 00:48:56.852,1.51672,1.5163,450,120
24.06.2024 00:48:59.814,1.51671,1.5163,450,120
24.06.2024 00:49:00.518,1.51673,1.5163,450,120
24.06.2024 00:49:01.070,1.51673,1.51628,900,120
24.06.2024 00:49:01.774,1.51674,1.51628,450,120
24.06.2024 00:49:02.828,1.51673,1.5163,450,120
24.06.2024 00:49:05.189,1.51673,1.5162900000000001,450,120
24.06.2024 00:49:06.193,1.51673,1.5163,450,450
24.06.2024 00:49:06.345,1.51675,1.5163,900,450
24.06.2024 00:49:08.600,1.51674,1.5163200000000001,450,450
24.06.2024 00:49:09.602,1.51675,1.5162900000000001,900,540
24.06.2024 00:49:13.962,1.51674,1.5162900000000001,450,540
24.06.2024 00:49:14.615,1.51673,1.5162900000000001,450,540
24.06.2024 00:49:15.617,1.51673,1.51631,900,450
24.06.2024 00:49:18.609,1.51673,1.5162900000000001,450,540
24.06.2024 00:49:19.614,1.51674,1.5163,1350,450
24.06.2024 00:49:20.619,1.51674,1.51631,450,450
24.06.2024 00:49:22.576,1.51673,1.5162900000000001,450,540
24.06.2024 00:49:23.579,1.51673,1.5163,450,450
24.06.2024 00:49:23.931,1.5166600000000001,1.5162600000000002,450,120
24.06.2024 00:49:24.434,1.51663,1.51625,450,120
24.06.2024 00:49:24.835,1.51663,1.5162600000000002,450,120
24.06.2024 00:49:24.936,1.5166700000000002,1.5162600000000002,450,120
24.06.2024 00:49:25.137,1.51669,1.51631,450,450
24.06.2024 00:49:25.539,1.51669,1.5163200000000001,450,450
24.06.2024 00:49:25.790,1.51673,1.51631,450,450
24.06.2024 00:49:25.941,1.51673,1.51635,450,450
24.06.2024 00:49:26.543,1.51676,1.51635,450,450
24.06.2024 00:49:26.795,1.51675,1.51631,450,450
24.06.2024 00:49:27.547,1.51674,1.51631,450,450
24.06.2024 00:49:28.802,1.51674,1.5163200000000001,900,450
24.06.2024 00:49:29.806,1.51674,1.51631,900,450
24.06.2024 00:49:30.810,1.51673,1.51633,450,450
24.06.2024 00:49:31.814,1.51674,1.51631,450,450
24.06.2024 00:49:33.720,1.51673,1.51631,450,450
24.06.2024 00:49:34.824,1.51673,1.5163200000000001,450,450
24.06.2024 00:49:35.778,1.51672,1.51631,450,540
24.06.2024 00:49:38.991,1.51674,1.5163,1350,540
24.06.2024 00:49:39.794,1.51673,1.51633,900,450
24.06.2024 00:49:40.999,1.51673,1.5163200000000001,900,450
24.06.2024 00:49:42.002,1.51675,1.5163200000000001,1350,450
24.06.2024 00:49:42.705,1.51673,1.51633,450,450
24.06.2024 00:49:43.006,1.51674,1.51631,1350,450
24.06.2024 00:49:44.011,1.51673,1.5163,450,540
24.06.2024 00:49:45.016,1.51673,1.5163200000000001,1350,450
24.06.2024 00:49:46.020,1.51673,1.5163,450,540
24.06.2024 00:49:47.728,1.51672,1.5163,450,450
24.06.2024 00:49:49.083,1.51671,1.5163,900,540
24.06.2024 00:49:49.737,1.51668,1.5162700000000002,450,120
24.06.2024 00:49:49.838,1.5166700000000002,1.51625,450,450
24.06.2024 00:49:50.040,1.51659,1.51623,450,120
24.06.2024 00:49:50.191,1.5166000000000002,1.51623,450,120
24.06.2024 00:49:50.492,1.51659,1.5162600000000002,450,120
24.06.2024 00:49:50.693,1.51665,1.51625,450,120
24.06.2024 00:49:51.095,1.51665,1.51623,450,120
24.06.2024 00:49:51.697,1.5166600000000001,1.51624,450,540
24.06.2024 00:49:53.656,1.5166700000000002,1.51624,450,540
24.06.2024 00:49:54.661,1.5166600000000001,1.51623,450,120
24.06.2024 00:49:54.963,1.51669,1.5162900000000001,900,450
24.06.2024 00:49:55.969,1.51671,1.5162900000000001,450,540
24.06.2024 00:49:56.971,1.5167000000000002,1.5162900000000001,450,450
24.06.2024 00:49:57.072,1.51672,1.51628,450,450
24.06.2024 00:49:57.574,1.51671,1.5163,450,120
24.06.2024 00:49:59.230,1.51671,1.5162900000000001,450,540
24.06.2024 00:49:59.983,1.5167000000000002,1.51631,450,450
24.06.2024 00:50:02.491,1.51672,1.51631,900,450
24.06.2024 00:50:02.992,1.51673,1.51631,900,450
24.06.2024 00:50:03.945,1.51672,1.51631,450,450
24.06.2024 00:50:06.581,1.51671,1.51634,450,450
24.06.2024 00:50:07.384,1.51674,1.51633,450,450
24.06.2024 00:50:08.387,1.51672,1.51634,450,450
24.06.2024 00:50:08.588,1.51673,1.51631,900,450
24.06.2024 00:50:09.290,1.5167000000000002,1.51628,450,540
24.06.2024 00:50:11.297,1.51671,1.5162900000000001,900,120
24.06.2024 00:50:11.799,1.51671,1.5163,900,120
24.06.2024 00:50:12.005,1.5167000000000002,1.5163,450,120
24.06.2024 00:50:13.059,1.51671,1.5163,450,120
24.06.2024 00:50:13.310,1.51672,1.5163,450,120
24.06.2024 00:50:14.163,1.51675,1.5163200000000001,900,450
24.06.2024 00:50:14.865,1.51674,1.5163200000000001,450,450
24.06.2024 00:50:15.166,1.51673,1.5163200000000001,450,450
24.06.2024 00:50:16.169,1.51673,1.51633,900,450
24.06.2024 00:50:18.828,1.51675,1.5163200000000001,900,450
24.06.2024 00:50:20.584,1.51674,1.51634,900,450
24.06.2024 00:50:21.144,1.51672,1.51634,450,450
24.06.2024 00:50:21.195,1.51672,1.5162900000000001,450,120
24.06.2024 00:50:21.296,1.51671,1.5162900000000001,450,450
24.06.2024 00:50:23.253,1.51673,1.5162900000000001,900,540
24.06.2024 00:50:24.258,1.5167000000000002,1.5163,450,120
24.06.2024 00:50:24.911,1.51673,1.5163200000000001,450,450
24.06.2024 00:50:25.313,1.51673,1.51633,450,450
24.06.2024 00:50:29.327,1.51672,1.5163,450,540
24.06.2024 00:50:29.679,1.51672,1.51631,450,120
24.06.2024 00:50:30.332,1.51673,1.51631,450,540
24.06.2024 00:50:33.343,1.51673,1.51631,450,450
24.06.2024 00:50:34.899,1.5167000000000002,1.5162700000000002,450,120
24.06.2024 00:50:35.000,1.5167000000000002,1.5162600000000002,900,450
24.06.2024 00:50:35.353,1.5166000000000002,1.5162200000000001,450,120
24.06.2024 00:50:36.055,1.51661,1.5162200000000001,450,120
24.06.2024 00:50:41.071,1.51659,1.51623,450,120
24.06.2024 00:50:41.222,1.51659,1.5162200000000001,450,120
24.06.2024 00:50:42.024,1.51659,1.51621,450,120
24.06.2024 00:50:44.945,1.51659,1.5162200000000001,450,120
24.06.2024 00:50:45.347,1.51664,1.5162200000000001,450,120
24.06.2024 00:50:46.349,1.51663,1.51621,450,120
24.06.2024 00:50:51.916,1.51659,1.5162200000000001,450,120
24.06.2024 00:50:52.918,1.51661,1.51621,450,120
24.06.2024 00:50:54.170,1.51662,1.51621,450,120
24.06.2024 00:50:55.976,1.5165700000000002,1.51619,450,120
24.06.2024 00:50:56.231,1.5165700000000002,1.51618,450,120
24.06.2024 00:50:56.533,1.51652,1.51619,450,120
24.06.2024 00:50:57.285,1.51658,1.5162,450,120
24.06.2024 00:50:58.287,1.51655,1.5162,450,120
24.06.2024 00:50:59.292,1.51655,1.51621,450,120
24.06.2024 00:51:00.294,1.51658,1.5162,450,120
24.06.2024 00:51:02.300,1.5165700000000002,1.5162,450,120
24.06.2024 00:51:03.304,1.51658,1.5162,450,120
24.06.2024 00:51:04.558,1.5165700000000002,1.5162,450,120
24.06.2024 00:51:08.520,1.51655,1.51621,450,120
24.06.2024 00:51:10.276,1.5166000000000002,1.51623,450,120
24.06.2024 00:51:10.829,1.51664,1.51623,450,450
24.06.2024 00:51:11.280,1.51665,1.51623,450,450
24.06.2024 00:51:12.234,1.5166700000000002,1.51623,450,450
24.06.2024 00:51:12.788,1.5166700000000002,1.51624,450,450
24.06.2024 00:51:13.240,1.51665,1.51625,450,450
24.06.2024 00:51:13.792,1.5166600000000001,1.51623,450,450
24.06.2024 00:51:15.348,1.51661,1.51623,450,120
24.06.2024 00:51:16.377,1.5166000000000002,1.51623,450,120
24.06.2024 00:51:16.780,1.5166000000000002,1.5162200000000001,450,120
24.06.2024 00:51:17.282,1.51663,1.5162200000000001,450,120
24.06.2024 00:51:18.135,1.51659,1.51621,450,120
24.06.2024 00:51:19.140,1.51659,1.5162200000000001,450,120
24.06.2024 00:51:20.142,1.51661,1.5162200000000001,450,120
24.06.2024 00:51:20.394,1.51661,1.51623,450,120
24.06.2024 00:51:20.795,1.51662,1.51621,450,120
24.06.2024 00:51:20.997,1.51658,1.51621,450,120
24.06.2024 00:51:21.499,1.51658,1.5162200000000001,450,120
24.06.2024 00:51:22.000,1.51659,1.5162200000000001,450,120
24.06.2024 00:51:22.615,1.51659,1.51623,450,120
24.06.2024 00:51:22.867,1.51663,1.51624,450,120
24.06.2024 00:51:23.020,1.51664,1.51625,450,120
24.06.2024 00:51:23.221,1.5166600000000001,1.51625,450,120
24.06.2024 00:51:23.472,1.51665,1.51625,450,120
24.06.2024 00:51:24.375,1.51665,1.51623,900,120
24.06.2024 00:51:24.977,1.51662,1.51623,450,120
24.06.2024 00:51:25.479,1.51661,1.5162600000000002,450,120
24.06.2024 00:51:25.981,1.51665,1.51625,450,120
24.06.2024 00:51:27.788,1.51668,1.5162700000000002,900,120
24.06.2024 00:51:28.742,1.51668,1.51628,900,120
24.06.2024 00:51:29.746,1.5166700000000002,1.5162700000000002,450,120
24.06.2024 00:51:30.249,1.5166700000000002,1.51625,450,120
24.06.2024 00:51:30.751,1.51664,1.5162600000000002,450,120
24.06.2024 00:51:31.756,1.5166600000000001,1.5162600000000002,900,120
24.06.2024 00:51:33.814,1.5166700000000002,1.5162600000000002,900,120
24.06.2024 00:51:34.618,1.5166700000000002,1.51625,450,120
24.06.2024 00:51:39.084,1.5166600000000001,1.51625,450,120
24.06.2024 00:51:41.042,1.51665,1.51625,450,120
24.06.2024 00:51:42.047,1.5166600000000001,1.51625,450,120
24.06.2024 00:51:43.051,1.51662,1.5162600000000002,450,120
24.06.2024 00:51:45.611,1.5166600000000001,1.51625,450,120
24.06.2024 00:51:46.614,1.5166600000000001,1.5162600000000002,450,120
24.06.2024 00:51:47.117,1.51661,1.51624,450,120
24.06.2024 00:51:47.720,1.5165600000000001,1.51624,450,120
24.06.2024 00:51:48.725,1.51658,1.51623,450,120
24.06.2024 00:51:49.227,1.5165700000000002,1.51621,450,120
24.06.2024 00:51:49.729,1.5165600000000001,1.51621,450,120
24.06.2024 00:51:50.732,1.51658,1.5162,450,120
24.06.2024 00:51:51.539,1.51655,1.5162,450,120
24.06.2024 00:51:55.451,1.51654,1.51619,450,120
24.06.2024 00:51:55.552,1.51654,1.51618,450,120
24.06.2024 00:51:56.004,1.5166000000000002,1.51619,450,120
24.06.2024 00:51:56.657,1.51661,1.5162,450,450
24.06.2024 00:51:56.708,1.51662,1.51621,450,450
24.06.2024 00:51:57.109,1.51663,1.51623,450,120
24.06.2024 00:51:57.210,1.51663,1.51624,450,450
24.06.2024 00:51:57.712,1.5166600000000001,1.51624,450,450
24.06.2024 00:51:58.716,1.51665,1.51624,450,450
24.06.2024 00:51:59.219,1.51665,1.51623,450,540
24.06.2024 00:51:59.721,1.5166600000000001,1.51623,450,540
24.06.2024 00:52:00.173,1.51664,1.51624,450,120
24.06.2024 00:52:01.177,1.5166600000000001,1.51623,1350,120
24.06.2024 00:52:05.293,1.5166600000000001,1.51624,900,120
24.06.2024 00:52:06.046,1.51664,1.51625,450,120
24.06.2024 00:52:06.951,1.51664,1.51624,450,120
24.06.2024 00:52:07.955,1.51665,1.51624,450,120
24.06.2024 00:52:08.909,1.51664,1.51624,450,120
24.06.2024 00:52:09.562,1.5166600000000001,1.51625,450,120
24.06.2024 00:52:10.015,1.51664,1.51624,450,120
24.06.2024 00:52:10.468,1.51664,1.51623,450,120
24.06.2024 00:52:10.569,1.5166700000000002,1.51623,540,540
24.06.2024 00:52:11.021,1.51663,1.51623,450,120
24.06.2024 00:52:12.526,1.51662,1.5162600000000002,450,120
24.06.2024 00:52:12.678,1.51668,1.51625,900,120
24.06.2024 00:52:13.129,1.5166700000000002,1.51625,900,120
24.06.2024 00:52:14.335,1.5166700000000002,1.51628,450,120
24.06.2024 00:52:16.643,1.5166700000000002,1.5162700000000002,450,120
24.06.2024 00:52:16.694,1.5166600000000001,1.5162600000000002,450,120
24.06.2024 00:52:16.895,1.51658,1.5162600000000002,450,120
24.06.2024 00:52:17.899,1.51661,1.51625,450,120
24.06.2024 00:52:18.904,1.51659,1.5162600000000002,450,120
24.06.2024 00:52:20.963,1.51659,1.5162200000000001,450,120
24.06.2024 00:52:21.569,1.5165600000000001,1.51621,450,120
24.06.2024 00:52:22.573,1.51655,1.51621,450,120
24.06.2024 00:52:27.087,1.51655,1.5162200000000001,450,120
24.06.2024 00:52:28.090,1.51655,1.51621,450,120
24.06.2024 00:52:32.704,1.5165600000000001,1.5162200000000001,450,120
24.06.2024 00:52:32.805,1.5165700000000002,1.5162,450,120
24.06.2024 00:52:33.257,1.5165600000000001,1.51619,450,120
24.06.2024 00:52:33.716,1.5165600000000001,1.51618,450,120
24.06.2024 00:52:34.720,1.5165700000000002,1.51618,450,120
24.06.2024 00:52:35.773,1.5165600000000001,1.51621,450,120
24.06.2024 00:52:36.727,1.51659,1.5162,450,120
24.06.2024 00:52:37.078,1.51658,1.51618,450,120
24.06.2024 00:52:37.680,1.5165600000000001,1.5161700000000002,450,120
24.06.2024 00:52:37.982,1.5165600000000001,1.5161600000000002,450,120
24.06.2024 00:52:38.685,1.51658,1.5161600000000002,450,120
24.06.2024 00:52:39.689,1.5165600000000001,1.5161600000000002,450,120
24.06.2024 00:52:42.700,1.51655,1.5161600000000002,450,120
24.06.2024 00:52:43.253,1.51655,1.51614,450,120
24.06.2024 00:52:43.705,1.51653,1.51614,450,120
24.06.2024 00:52:45.713,1.51654,1.51614,450,120
24.06.2024 00:52:46.165,1.51654,1.5161700000000002,450,120
24.06.2024 00:52:47.872,1.51654,1.51618,450,120
24.06.2024 00:52:48.877,1.51653,1.51618,450,120
24.06.2024 00:52:49.480,1.51659,1.51618,450,120
24.06.2024 00:52:49.581,1.5166000000000002,1.5161600000000002,450,450
24.06.2024 00:52:50.384,1.5165600000000001,1.51614,450,120
24.06.2024 00:52:51.388,1.51659,1.51615,450,450
24.06.2024 00:52:53.395,1.51658,1.51614,450,540
24.06.2024 00:52:53.797,1.51658,1.5161700000000002,450,120
24.06.2024 00:52:54.400,1.51659,1.5161700000000002,450,120
24.06.2024 00:52:55.405,1.5165600000000001,1.51618,450,120
24.06.2024 00:52:56.409,1.51655,1.5161700000000002,450,120
24.06.2024 00:52:56.661,1.51655,1.51619,450,120
24.06.2024 00:52:56.711,1.51661,1.51619,450,120
24.06.2024 00:52:57.014,1.51661,1.51623,450,120
24.06.2024 00:52:57.265,1.51662,1.51624,450,120
24.06.2024 00:52:57.366,1.51663,1.51624,450,120
24.06.2024 00:52:57.818,1.51663,1.51625,450,120
24.06.2024 00:52:58.821,1.5166600000000001,1.51624,900,120
24.06.2024 00:53:03.383,1.51665,1.51624,450,120
24.06.2024 00:53:04.586,1.5166600000000001,1.51624,450,120
24.06.2024 00:53:05.939,1.51665,1.51624,450,120
24.06.2024 00:53:06.943,1.5166600000000001,1.51624,900,120
24.06.2024 00:53:08.297,1.51664,1.51624,450,120
24.06.2024 00:53:08.348,1.51663,1.5162200000000001,450,120
24.06.2024 00:53:09.050,1.51664,1.51624,450,120
24.06.2024 00:53:09.302,1.51665,1.51624,900,120
24.06.2024 00:53:11.360,1.51664,1.51624,450,120
24.06.2024 00:53:14.569,1.51664,1.51625,450,120
24.06.2024 00:53:15.321,1.51665,1.51625,1440.0001,120
24.06.2024 00:53:17.426,1.51665,1.51624,450,120
