Gmt time,Ask,Bid,AskVolume,BidVolume
24.06.2024 00:00:00.075,0.84573,0.84565,1800,1200
24.06.2024 00:00:00.734,0.84573,0.8456600000000001,1800,1200
24.06.2024 00:00:00.935,0.8457200000000001,0.8456600000000001,1200,1200
24.06.2024 00:00:01.189,0.84573,0.84563,1200,2700
24.06.2024 00:00:01.341,0.84573,0.8456400000000001,1200,1200
24.06.2024 00:00:01.643,0.84573,0.84565,1200,1200
24.06.2024 00:00:01.744,0.84574,0.84565,1800,1200
24.06.2024 00:00:01.846,0.8457200000000001,0.8456600000000001,1200,1200
24.06.2024 00:00:03.009,0.8457100000000001,0.8456600000000001,1200,1200
24.06.2024 00:00:03.212,0.84573,0.8456400000000001,1800,1200
24.06.2024 00:00:04.674,0.84574,0.8456400000000001,1800,2700
24.06.2024 00:00:05.030,0.84574,0.84565,1200,1200
24.06.2024 00:00:05.232,0.84575,0.84565,2250,1800
24.06.2024 00:00:05.434,0.84574,0.84565,1200,1200
24.06.2024 00:00:05.637,0.84575,0.84565,1800,1800
24.06.2024 00:00:05.839,0.84574,0.84565,1200,1200
24.06.2024 00:00:07.603,0.84574,0.8456400000000001,1200,2700
24.06.2024 00:00:08.962,0.84573,0.84565,1200,1200
24.06.2024 00:00:09.165,0.84574,0.84565,1800,1200
24.06.2024 00:00:09.519,0.84573,0.84565,1200,1200
24.06.2024 00:00:10.074,0.84573,0.8456400000000001,1200,1200
24.06.2024 00:00:10.226,0.84574,0.84565,1800,1200
24.06.2024 00:00:10.328,0.84573,0.84565,1200,1200
24.06.2024 00:00:10.530,0.84574,0.84565,1800,1200
24.06.2024 00:00:10.936,0.84574,0.8456400000000001,1800,2700
24.06.2024 00:00:11.138,0.84573,0.8456600000000001,1200,1200
24.06.2024 00:00:11.290,0.8457200000000001,0.84565,1200,1800
24.06.2024 00:00:11.494,0.84574,0.8456400000000001,1800,2700
24.06.2024 00:00:12.852,0.8457200000000001,0.84565,1800,1200
24.06.2024 00:00:13.055,0.8457200000000001,0.8456400000000001,1200,1200
24.06.2024 00:00:13.258,0.84573,0.8456400000000001,1800,1200
24.06.2024 00:00:16.277,0.8457200000000001,0.8456400000000001,1200,1800
24.06.2024 00:00:16.479,0.8457200000000001,0.84565,1200,1800
24.06.2024 00:00:16.982,0.8457200000000001,0.8456400000000001,1200,1800
24.06.2024 00:00:17.185,0.84573,0.8456400000000001,1200,1800
24.06.2024 00:00:17.486,0.8457200000000001,0.8456400000000001,1200,1800
24.06.2024 00:00:17.689,0.84573,0.8456400000000001,1200,1800
24.06.2024 00:00:19.903,0.8457200000000001,0.8456400000000001,1200,1800
24.06.2024 00:00:20.155,0.8457200000000001,0.84565,1200,1200
24.06.2024 00:00:20.658,0.84573,0.84565,1800,1200
24.06.2024 00:00:20.810,0.8457200000000001,0.84565,1200,1200
24.06.2024 00:00:21.014,0.8457200000000001,0.8456600000000001,1800,1200
24.06.2024 00:00:21.217,0.8457200000000001,0.84563,1800,1200
24.06.2024 00:00:21.825,0.8457100000000001,0.84563,1200,1200
24.06.2024 00:00:22.479,0.8457200000000001,0.84563,1800,1200
24.06.2024 00:00:23.133,0.8457100000000001,0.8456200000000001,1200,1120
24.06.2024 00:00:23.336,0.8457100000000001,0.84563,2700,2020
24.06.2024 00:00:23.488,0.8457200000000001,0.84563,1800,1200
24.06.2024 00:00:23.940,0.8457100000000001,0.84563,1200,1200
24.06.2024 00:00:24.143,0.8457,0.84563,1200,1200
24.06.2024 00:00:24.295,0.8457,0.8456400000000001,1200,1200
24.06.2024 00:00:24.346,0.8457200000000001,0.84565,1200,1200
24.06.2024 00:00:24.549,0.8457,0.8456600000000001,1200,1200
24.06.2024 00:00:25.055,0.8457200000000001,0.8456600000000001,1800,1200
24.06.2024 00:00:26.534,0.8457200000000001,0.84565,1200,1200
24.06.2024 00:00:27.040,0.84573,0.84565,1800,1200
24.06.2024 00:00:27.495,0.8457100000000001,0.8456600000000001,1200,1200
24.06.2024 00:00:28.149,0.84573,0.84565,1800,1200
24.06.2024 00:00:29.309,0.84574,0.84565,1200,1800
24.06.2024 00:00:29.411,0.84575,0.8456700000000001,1800,1200
24.06.2024 00:00:29.512,0.84574,0.8456700000000001,1200,1200
24.06.2024 00:00:30.271,0.84575,0.8456700000000001,1800,1200
24.06.2024 00:00:30.474,0.84573,0.84568,1200,1200
24.06.2024 00:00:31.988,0.84574,0.84568,1800,1200
24.06.2024 00:00:32.644,0.84574,0.8456700000000001,1200,1200
24.06.2024 00:00:33.754,0.84575,0.8456700000000001,1800,1200
24.06.2024 00:00:34.259,0.84574,0.8456700000000001,1200,1200
24.06.2024 00:00:35.269,0.84575,0.8456700000000001,1800,1200
24.06.2024 00:00:38.487,0.84574,0.8456700000000001,1200,1200
24.06.2024 00:00:38.639,0.84573,0.84569,1200,1200
24.06.2024 00:00:39.247,0.84575,0.84568,1800,1200
24.06.2024 00:00:39.449,0.84574,0.84568,1200,1200
24.06.2024 00:00:39.903,0.84574,0.8456700000000001,1200,1200
24.06.2024 00:00:40.005,0.84574,0.84568,1800,1200
24.06.2024 00:00:40.308,0.8457600000000001,0.8456700000000001,1890,1200
24.06.2024 00:00:40.511,0.84574,0.84568,1200,1200
24.06.2024 00:00:41.722,0.84574,0.8456700000000001,1200,1200
24.06.2024 00:00:42.877,0.84575,0.8456700000000001,1800,1200
24.06.2024 00:00:43.080,0.84574,0.8456700000000001,1200,1200
24.06.2024 00:00:43.283,0.84574,0.84568,1200,1200
24.06.2024 00:00:43.486,0.84574,0.8456600000000001,1200,1800
24.06.2024 00:00:43.941,0.84574,0.8456700000000001,1200,1800
24.06.2024 00:00:44.295,0.84575,0.8456700000000001,1800,1800
24.06.2024 00:00:44.447,0.84575,0.8456600000000001,1200,1200
24.06.2024 00:00:45.253,0.8457600000000001,0.8456600000000001,1800,1800
24.06.2024 00:00:45.505,0.84575,0.8456600000000001,1200,1200
24.06.2024 00:00:46.310,0.8457600000000001,0.8456600000000001,1800,1800
24.06.2024 00:00:46.815,0.84575,0.8456600000000001,1200,1200
24.06.2024 00:00:47.270,0.8457600000000001,0.8456600000000001,1800,1800
24.06.2024 00:00:47.471,0.84574,0.8456700000000001,1200,1200
24.06.2024 00:00:47.674,0.8457600000000001,0.8456600000000001,1800,1800
24.06.2024 00:00:47.877,0.84575,0.8456600000000001,1200,1200
24.06.2024 00:00:48.079,0.84575,0.8456700000000001,1800,1800
24.06.2024 00:00:50.142,0.84575,0.8456600000000001,1200,1800
24.06.2024 00:00:50.351,0.84574,0.8456600000000001,1200,1800
24.06.2024 00:00:50.557,0.84575,0.8456600000000001,1200,1800
24.06.2024 00:00:52.972,0.84574,0.8456600000000001,1200,1800
24.06.2024 00:00:53.173,0.84575,0.8456600000000001,1200,1800
24.06.2024 00:00:53.376,0.84573,0.8456600000000001,1800,1200
24.06.2024 00:00:53.479,0.84573,0.8456400000000001,1320.0001,1800
24.06.2024 00:00:53.582,0.84569,0.8456,1890,1200
24.06.2024 00:00:53.785,0.84569,0.8456200000000001,1200,1200
24.06.2024 00:00:59.071,0.8457,0.8456200000000001,1200,1200
24.06.2024 00:01:03.524,0.8457100000000001,0.8456200000000001,1320.0001,1200
24.06.2024 00:01:07.505,0.8457,0.8456200000000001,1800,1200
24.06.2024 00:01:13.608,0.8457,0.8456100000000001,1200,1800
24.06.2024 00:01:22.625,0.8457,0.8456200000000001,1320.0001,1200
24.06.2024 00:01:22.827,0.8457,0.8456100000000001,1320.0001,2700
24.06.2024 00:01:24.333,0.8457,0.8456200000000001,1320.0001,1200
24.06.2024 00:01:24.535,0.8457,0.8456100000000001,1320.0001,2700
24.06.2024 00:01:30.920,0.84569,0.84563,1200,1200
24.06.2024 00:01:31.123,0.8457,0.8456100000000001,1200,2700
24.06.2024 00:01:32.182,0.8457,0.8456200000000001,1320.0001,1200
24.06.2024 00:01:33.091,0.8457,0.8456100000000001,1200,2700
24.06.2024 00:01:33.244,0.8457,0.84563,1200,1200
24.06.2024 00:01:37.510,0.8457,0.84563,1320.0001,2700
24.06.2024 00:01:40.378,0.84569,0.84563,1200,1800
24.06.2024 00:01:40.580,0.8457100000000001,0.8456200000000001,2790,1800
24.06.2024 00:01:40.782,0.8457,0.8456200000000001,1200,1800
24.06.2024 00:01:40.984,0.8457100000000001,0.8456200000000001,2790,1800
24.06.2024 00:01:51.504,0.8457100000000001,0.84563,1320.0001,1200
24.06.2024 00:01:53.217,0.8457100000000001,0.8456200000000001,1890,1800
24.06.2024 00:01:53.420,0.84569,0.84563,1200,1800
24.06.2024 00:01:53.824,0.84569,0.8456200000000001,1200,1200
24.06.2024 00:01:53.926,0.84569,0.8456100000000001,1200,1800
24.06.2024 00:01:54.079,0.8457,0.8456100000000001,1890,1800
24.06.2024 00:01:54.281,0.84569,0.8456100000000001,1200,1800
24.06.2024 00:01:54.987,0.8457,0.8456100000000001,1890,1800
24.06.2024 00:01:55.795,0.84568,0.8456200000000001,1200,1800
24.06.2024 00:01:55.997,0.8457,0.8456100000000001,1890,1800
24.06.2024 00:01:56.200,0.84569,0.8456100000000001,1200,1800
24.06.2024 00:01:57.562,0.84569,0.8456,1890,1120
24.06.2024 00:01:57.665,0.8456600000000001,0.84558,1200,1800
24.06.2024 00:01:57.767,0.84565,0.84558,1200,1200
24.06.2024 00:01:57.869,0.84565,0.8455700000000002,1200,1200
24.06.2024 00:01:57.972,0.8456600000000001,0.8455700000000002,1890,1200
24.06.2024 00:01:59.434,0.8456600000000001,0.84558,1890,1200
24.06.2024 00:02:01.149,0.8456400000000001,0.8455700000000002,1320.0001,1200
24.06.2024 00:02:01.251,0.84565,0.84555,1320.0001,1800
24.06.2024 00:02:01.353,0.8456400000000001,0.84555,1200,1200
24.06.2024 00:02:02.613,0.84565,0.84555,1320.0001,1800
24.06.2024 00:02:02.816,0.8456400000000001,0.84555,1200,1200
24.06.2024 00:02:04.777,0.84565,0.84555,1320.0001,1800
24.06.2024 00:02:04.930,0.8456400000000001,0.84555,1200,1800
24.06.2024 00:02:06.650,0.8456200000000001,0.8455600000000001,1200,1200
24.06.2024 00:02:06.853,0.8456400000000001,0.84555,1800,1200
24.06.2024 00:02:08.418,0.84563,0.84555,1200,1200
24.06.2024 00:02:09.678,0.8456400000000001,0.84555,1890,1200
24.06.2024 00:02:09.880,0.84563,0.84555,1200,1200
24.06.2024 00:02:10.082,0.8456400000000001,0.84555,1890,1200
24.06.2024 00:02:10.285,0.84563,0.84554,1320.0001,1200
24.06.2024 00:02:11.994,0.84563,0.84553,1890,1800
24.06.2024 00:02:12.196,0.84563,0.84554,1320.0001,1200
24.06.2024 00:02:12.649,0.84563,0.84553,1890,1800
24.06.2024 00:02:13.865,0.84563,0.84554,1320.0001,1800
24.06.2024 00:02:15.578,0.84563,0.84555,1320.0001,1200
24.06.2024 00:02:20.417,0.84563,0.84554,1320.0001,2700
24.06.2024 00:02:22.890,0.8456200000000001,0.84554,1200,1200
24.06.2024 00:02:23.094,0.84563,0.84554,1890,1200
24.06.2024 00:02:23.347,0.8456200000000001,0.84554,1200,1200
24.06.2024 00:02:25.618,0.8456,0.84555,1200,1200
24.06.2024 00:02:38.253,0.8456100000000001,0.84553,1800,1200
24.06.2024 00:02:38.405,0.84559,0.84554,1200,1200
24.06.2024 00:02:38.508,0.8456,0.8455200000000002,1800,1200
24.06.2024 00:02:38.610,0.84558,0.8455100000000001,1200,1200
24.06.2024 00:02:38.813,0.84558,0.8455,1800,1800
24.06.2024 00:02:38.916,0.84558,0.8455100000000001,1200,1200
24.06.2024 00:02:47.279,0.84559,0.8455100000000001,1200,1200
24.06.2024 00:02:48.136,0.8456,0.8455100000000001,2700,1200
24.06.2024 00:02:50.655,0.84559,0.8455100000000001,1200,1200
24.06.2024 00:02:52.066,0.84558,0.8455100000000001,1200,1200
24.06.2024 00:02:52.521,0.84558,0.8455200000000002,2700,1200
24.06.2024 00:02:52.673,0.84558,0.8455100000000001,1200,1200
24.06.2024 00:02:53.329,0.84558,0.8455200000000002,2700,1200
24.06.2024 00:02:53.532,0.84558,0.8455100000000001,1200,1200
24.06.2024 00:02:53.784,0.84559,0.8455100000000001,2700,1200
24.06.2024 00:02:58.679,0.8455700000000002,0.8455200000000002,1200,1200
24.06.2024 00:02:58.881,0.84559,0.8455100000000001,2700,1200
24.06.2024 00:03:01.501,0.84558,0.84553,1800,1200
24.06.2024 00:03:09.566,0.8456,0.84553,1200,1200
24.06.2024 00:03:10.674,0.8456100000000001,0.84553,1800,1200
24.06.2024 00:03:10.776,0.84558,0.84553,1200,1800
24.06.2024 00:03:23.882,0.84558,0.8455200000000002,1200,1200
24.06.2024 00:03:23.984,0.84559,0.8455200000000002,1800,1200
24.06.2024 00:03:36.621,0.84558,0.8455200000000002,1200,1200
24.06.2024 00:03:43.407,0.8455700000000002,0.8455,1200,2020
24.06.2024 00:03:43.509,0.8455700000000002,0.8455100000000001,1200,1200
24.06.2024 00:03:55.348,0.84558,0.8455100000000001,1200,1200
24.06.2024 00:03:55.450,0.84558,0.8455,1800,1800
24.06.2024 00:03:58.546,0.8455600000000001,0.8455100000000001,1200,1200
24.06.2024 00:03:58.749,0.84558,0.8455,2700,1200
24.06.2024 00:04:01.521,0.84558,0.8455100000000001,1200,1200
24.06.2024 00:04:06.468,0.84559,0.8455100000000001,1800,1200
24.06.2024 00:04:25.477,0.8456,0.84553,2700,1200
24.06.2024 00:04:49.198,0.8456,0.8455100000000001,1200,1200
24.06.2024 00:04:51.711,0.8456,0.8455200000000002,1200,1200
24.06.2024 00:05:01.822,0.8456100000000001,0.8455200000000002,1800,1200
24.06.2024 00:05:02.075,0.8456,0.8455200000000002,1200,1200
24.06.2024 00:05:02.278,0.8456100000000001,0.8455200000000002,1800,1200
24.06.2024 00:05:11.679,0.8456,0.8455200000000002,1200,1200
24.06.2024 00:05:11.883,0.8456100000000001,0.8455200000000002,2700,1200
24.06.2024 00:05:11.984,0.8456,0.8455200000000002,1200,1200
24.06.2024 00:05:14.553,0.84559,0.8455200000000002,1200,1200
24.06.2024 00:05:14.755,0.8456,0.8455200000000002,1800,1200
24.06.2024 00:05:22.012,0.8456100000000001,0.8455200000000002,2700,1200
24.06.2024 00:05:42.561,0.84559,0.8455100000000001,1200,1200
24.06.2024 00:05:42.663,0.84559,0.8455,1200,1800
24.06.2024 00:05:42.816,0.84559,0.8455100000000001,1200,1200
24.06.2024 00:05:42.920,0.8456,0.8455100000000001,1200,1200
24.06.2024 00:05:43.022,0.8456,0.8455,1200,2109.9999
24.06.2024 00:05:43.174,0.84559,0.8455,1200,2109.9999
24.06.2024 00:05:43.529,0.84559,0.8455100000000001,1200,1200
24.06.2024 00:05:43.732,0.84558,0.8455100000000001,1200,2470
24.06.2024 00:05:43.934,0.84559,0.8455100000000001,1200,1200
24.06.2024 00:05:44.491,0.84558,0.8455100000000001,1200,2020
24.06.2024 00:05:44.844,0.84558,0.8455200000000002,1200,1200
24.06.2024 00:05:44.946,0.84558,0.8455100000000001,1200,1200
24.06.2024 00:05:45.049,0.84558,0.84549,1200,3000
24.06.2024 00:05:45.201,0.84558,0.84549,1200,1350
24.06.2024 00:05:45.303,0.8455600000000001,0.84548,1200,3069.9999
24.06.2024 00:05:45.959,0.8455600000000001,0.84548,1200,1570.0001
24.06.2024 00:05:50.286,0.8455700000000002,0.8454700000000002,1200,1740
24.06.2024 00:05:54.160,0.8455600000000001,0.8454700000000002,1200,1740
24.06.2024 00:05:54.363,0.8455700000000002,0.84548,1200,1120
24.06.2024 00:05:54.566,0.84555,0.84548,1200,1500
24.06.2024 00:05:55.072,0.8455700000000002,0.8454700000000002,1800,2190.0001
24.06.2024 00:05:55.275,0.8455700000000002,0.84549,1200,1200
24.06.2024 00:05:55.478,0.8455700000000002,0.84548,1200,1120
24.06.2024 00:05:55.832,0.8455700000000002,0.84549,1200,1200
24.06.2024 00:05:56.036,0.8455700000000002,0.84548,1800,1120
24.06.2024 00:05:56.238,0.8455700000000002,0.84549,1200,1200
24.06.2024 00:05:56.441,0.8455700000000002,0.84548,1200,2020
24.06.2024 00:05:56.643,0.8455700000000002,0.84549,1200,1200
24.06.2024 00:05:56.896,0.8455700000000002,0.84548,1200,2020
24.06.2024 00:05:57.398,0.8455700000000002,0.84549,1200,1200
24.06.2024 00:05:57.550,0.8455700000000002,0.84548,1200,2020
24.06.2024 00:05:57.953,0.8455700000000002,0.84549,1200,1200
24.06.2024 00:05:58.056,0.84558,0.84549,1200,1200
24.06.2024 00:05:58.159,0.84558,0.84548,1800,3010
24.06.2024 00:05:58.362,0.8455700000000002,0.84548,1200,2109.9999
24.06.2024 00:05:58.715,0.8455700000000002,0.84549,1800,3010
24.06.2024 00:05:59.319,0.84558,0.84549,1200,1200
24.06.2024 00:06:00.640,0.84558,0.84548,1800,3010
24.06.2024 00:06:00.792,0.8455700000000002,0.8455,1200,1200
24.06.2024 00:06:02.003,0.84558,0.8455,1200,1200
24.06.2024 00:06:03.463,0.8455700000000002,0.8455,1200,1200
24.06.2024 00:06:03.666,0.84558,0.8455100000000001,1200,1200
24.06.2024 00:06:03.970,0.84558,0.8455,1200,1800
24.06.2024 00:06:04.172,0.8455700000000002,0.8455200000000002,1200,1200
24.06.2024 00:06:04.374,0.84558,0.8455,1200,1800
24.06.2024 00:06:06.038,0.84558,0.8455100000000001,1200,1800
24.06.2024 00:06:06.596,0.84559,0.8455100000000001,1200,1200
24.06.2024 00:06:06.798,0.84559,0.8455,1200,1800
24.06.2024 00:06:08.357,0.84559,0.8455100000000001,1200,1200
24.06.2024 00:06:08.560,0.84559,0.8455,1200,1800
24.06.2024 00:06:10.823,0.84559,0.8455100000000001,1200,1200
24.06.2024 00:06:11.027,0.84558,0.8455100000000001,1200,2020
24.06.2024 00:06:11.228,0.84558,0.8455200000000002,1200,1200
24.06.2024 00:06:12.084,0.84559,0.8455,1200,2020
24.06.2024 00:06:12.287,0.84559,0.8455100000000001,1200,1200
24.06.2024 00:06:13.495,0.84559,0.8455,1200,2020
24.06.2024 00:06:15.658,0.84559,0.8455100000000001,1200,1200
24.06.2024 00:06:16.162,0.84559,0.8455,1200,2020
24.06.2024 00:06:16.364,0.84559,0.8455100000000001,1200,1200
24.06.2024 00:06:17.574,0.84558,0.8455100000000001,1200,1120
24.06.2024 00:06:21.498,0.84558,0.84549,1200,2099.9999
24.06.2024 00:06:29.698,0.8455700000000002,0.8455200000000002,1200,1200
24.06.2024 00:06:29.900,0.84558,0.8455,1200,2109.9999
24.06.2024 00:06:30.104,0.84558,0.8455100000000001,1200,1200
24.06.2024 00:06:30.355,0.84559,0.8455100000000001,1200,1200
24.06.2024 00:06:30.959,0.84559,0.8455200000000002,1200,1200
24.06.2024 00:06:31.261,0.84559,0.8455100000000001,1200,1200
24.06.2024 00:06:31.614,0.84559,0.8455200000000002,1200,1200
24.06.2024 00:06:31.815,0.84559,0.8455100000000001,1200,1200
24.06.2024 00:06:34.329,0.84559,0.8455,1200,2109.9999
24.06.2024 00:06:34.931,0.84559,0.8455100000000001,1200,1200
24.06.2024 00:06:35.686,0.84558,0.8455100000000001,1200,2109.9999
24.06.2024 00:06:35.888,0.84559,0.8455100000000001,1200,1200
24.06.2024 00:06:36.793,0.84559,0.8455200000000002,1200,1200
24.06.2024 00:06:36.995,0.84559,0.8455100000000001,1200,1200
24.06.2024 00:06:46.621,0.84559,0.8455200000000002,1200,1200
24.06.2024 00:06:46.873,0.84559,0.8455100000000001,1200,1800
24.06.2024 00:07:04.391,0.8456,0.8455100000000001,1800,1200
24.06.2024 00:07:04.694,0.84559,0.8455100000000001,1200,1200
24.06.2024 00:07:04.897,0.8456,0.8455100000000001,1800,1200
24.06.2024 00:07:05.098,0.84559,0.8455100000000001,1200,1200
24.06.2024 00:07:05.301,0.8456,0.8455100000000001,1800,1200
24.06.2024 00:07:05.503,0.84559,0.8455100000000001,1200,1200
24.06.2024 00:07:05.705,0.8456,0.8455100000000001,1800,1200
24.06.2024 00:07:11.795,0.84559,0.8455100000000001,1200,1200
24.06.2024 00:07:11.997,0.8456,0.8455100000000001,1800,1200
24.06.2024 00:07:12.402,0.84559,0.8455100000000001,1200,1200
24.06.2024 00:07:16.228,0.84558,0.8455100000000001,1200,1200
24.06.2024 00:07:16.331,0.84558,0.84549,1800,1350
24.06.2024 00:07:16.433,0.8455600000000001,0.8455,1200,1350
24.06.2024 00:07:16.635,0.84558,0.84549,1800,1350
24.06.2024 00:07:16.838,0.8455700000000002,0.84549,1200,1350
24.06.2024 00:07:16.990,0.84558,0.84549,1800,1350
24.06.2024 00:07:18.852,0.84558,0.8455100000000001,1800,1200
24.06.2024 00:07:19.055,0.84558,0.8455,1200,1200
24.06.2024 00:07:19.158,0.84558,0.8455100000000001,1200,1200
24.06.2024 00:07:19.260,0.84559,0.8455100000000001,1200,1200
24.06.2024 00:07:19.412,0.84558,0.8455100000000001,1200,1200
24.06.2024 00:07:20.472,0.84558,0.8455200000000002,1200,1200
24.06.2024 00:07:20.674,0.84558,0.8455100000000001,1200,1200
24.06.2024 00:07:20.877,0.84559,0.8455100000000001,1200,1200
24.06.2024 00:07:21.532,0.84559,0.8455,1200,1200
24.06.2024 00:07:23.693,0.84558,0.8455,1200,1200
24.06.2024 00:07:23.995,0.84559,0.8455,1200,1200
24.06.2024 00:07:24.499,0.84558,0.8455,1200,1200
24.06.2024 00:07:24.701,0.84559,0.8455,1200,1200
24.06.2024 00:07:26.862,0.84558,0.8455,1200,1200
24.06.2024 00:07:27.369,0.84559,0.8455,1200,1200
24.06.2024 00:07:27.571,0.84558,0.8455,1200,1200
24.06.2024 00:07:30.141,0.84559,0.8455,1200,1200
24.06.2024 00:07:30.344,0.84558,0.8455,1200,1200
24.06.2024 00:07:31.402,0.84558,0.8455100000000001,1200,1200
24.06.2024 00:07:31.554,0.84558,0.8455,1200,1200
24.06.2024 00:07:31.707,0.84558,0.84549,1200,1320.0001
24.06.2024 00:07:31.809,0.84559,0.84549,1200,1800
24.06.2024 00:07:32.212,0.84558,0.84549,1200,1200
24.06.2024 00:07:32.415,0.84559,0.84549,1200,1800
24.06.2024 00:07:33.271,0.8456,0.8455,1800,1200
24.06.2024 00:07:33.474,0.8456,0.8455100000000001,1200,1200
24.06.2024 00:07:33.677,0.8456,0.8455,1800,1890
24.06.2024 00:07:38.556,0.84558,0.8455100000000001,1200,1210
24.06.2024 00:07:39.768,0.84559,0.84548,1200,3190.0001
24.06.2024 00:07:40.123,0.84559,0.84548,1200,2109.9999
24.06.2024 00:07:40.225,0.84559,0.84548,1200,3040
24.06.2024 00:07:48.085,0.84558,0.84548,1200,3490
24.06.2024 00:07:48.942,0.8455700000000002,0.84548,1200,2559.9999
24.06.2024 00:07:49.094,0.8455600000000001,0.84549,1200,3490
24.06.2024 00:07:53.279,0.8455700000000002,0.84548,1200,3010
24.06.2024 00:07:53.380,0.8455600000000001,0.84549,1200,3040
24.06.2024 00:07:59.970,0.84558,0.84548,1800,4469.9998
24.06.2024 00:08:07.024,0.8455700000000002,0.84549,1200,2109.9999
24.06.2024 00:08:08.129,0.84558,0.84549,1800,2109.9999
24.06.2024 00:08:08.332,0.8455700000000002,0.84549,1200,2109.9999
24.06.2024 00:08:08.533,0.84558,0.84549,1800,2109.9999
24.06.2024 00:08:11.708,0.84559,0.84549,1800,2109.9999
24.06.2024 00:08:12.111,0.8455700000000002,0.8455,1200,1210
24.06.2024 00:08:12.765,0.84559,0.84549,1800,2109.9999
24.06.2024 00:08:12.967,0.84558,0.84549,1200,1210
24.06.2024 00:08:16.290,0.84559,0.84549,1800,2109.9999
24.06.2024 00:08:16.493,0.84558,0.84549,1200,1210
24.06.2024 00:08:16.695,0.84559,0.84549,1800,2109.9999
24.06.2024 00:08:16.897,0.8455700000000002,0.8455,1200,1210
24.06.2024 00:08:17.251,0.84559,0.84549,1800,2109.9999
24.06.2024 00:08:17.454,0.84558,0.84549,1200,1210
24.06.2024 00:08:18.159,0.84559,0.84549,1800,2109.9999
24.06.2024 00:08:18.362,0.84558,0.84549,1200,1210
24.06.2024 00:08:19.370,0.84559,0.84549,1800,2109.9999
24.06.2024 00:08:19.572,0.84558,0.84549,1200,1210
24.06.2024 00:08:19.773,0.84559,0.84549,1800,2109.9999
24.06.2024 00:08:19.925,0.84558,0.84549,1200,1210
24.06.2024 00:08:20.178,0.8455700000000002,0.84549,1200,1210
24.06.2024 00:08:20.331,0.84558,0.84549,1200,1210
24.06.2024 00:08:20.533,0.84559,0.84549,1800,2109.9999
24.06.2024 00:08:21.287,0.84558,0.84549,1200,1210
24.06.2024 00:08:21.488,0.84559,0.84549,1800,2109.9999
24.06.2024 00:08:21.740,0.84558,0.84549,1200,1210
24.06.2024 00:08:21.943,0.84559,0.84549,1800,2109.9999
24.06.2024 00:08:22.144,0.8455700000000002,0.8455,1200,1210
24.06.2024 00:08:26.264,0.84559,0.84549,1800,1890
24.06.2024 00:08:26.466,0.84558,0.84549,1200,1320.0001
24.06.2024 00:08:26.567,0.84558,0.8455,1800,1200
24.06.2024 00:08:29.938,0.84559,0.8455200000000002,2700,1200
24.06.2024 00:08:40.956,0.84558,0.8455200000000002,1200,1200
24.06.2024 00:08:41.157,0.84559,0.8455200000000002,1800,1200
24.06.2024 00:08:41.661,0.84558,0.8455200000000002,1200,1200
24.06.2024 00:08:42.063,0.84558,0.84553,1800,1200
24.06.2024 00:08:42.366,0.84558,0.8455200000000002,1200,1200
24.06.2024 00:08:42.618,0.84558,0.84553,1800,1200
24.06.2024 00:08:42.819,0.84558,0.8455200000000002,1200,1200
24.06.2024 00:08:43.021,0.84559,0.8455200000000002,1800,1200
24.06.2024 00:08:44.026,0.84558,0.8455200000000002,1200,1200
24.06.2024 00:08:44.228,0.84558,0.84553,1800,1200
24.06.2024 00:08:44.431,0.84558,0.8455200000000002,1200,1200
24.06.2024 00:08:44.633,0.84558,0.84553,1800,1200
24.06.2024 00:09:07.188,0.8456,0.84553,1800,1200
24.06.2024 00:09:44.060,0.8456,0.84555,1200,1200
24.06.2024 00:09:46.879,0.8456200000000001,0.84554,1800,1200
24.06.2024 00:09:59.814,0.8456100000000001,0.84554,1200,1200
24.06.2024 00:10:01.330,0.8456200000000001,0.84554,1800,1200
24.06.2024 00:10:01.433,0.8456400000000001,0.8455600000000001,1800,1200
24.06.2024 00:10:03.055,0.84563,0.8455600000000001,1200,1200
24.06.2024 00:10:03.259,0.8456400000000001,0.8455600000000001,2700,1200
24.06.2024 00:10:03.462,0.84563,0.8455600000000001,1200,1200
24.06.2024 00:10:03.665,0.8456400000000001,0.8455600000000001,2700,1200
24.06.2024 00:10:03.867,0.8456200000000001,0.8455700000000002,1200,1200
24.06.2024 00:10:04.421,0.84563,0.8455700000000002,2700,1200
24.06.2024 00:10:04.623,0.84563,0.8455600000000001,1200,1200
24.06.2024 00:10:04.826,0.84563,0.8455700000000002,2700,1200
24.06.2024 00:10:07.038,0.84563,0.8455600000000001,1200,1200
24.06.2024 00:10:08.145,0.8456400000000001,0.8455600000000001,2700,1200
24.06.2024 00:10:08.346,0.84563,0.8455600000000001,1200,1200
24.06.2024 00:10:08.548,0.8456400000000001,0.8455600000000001,2700,1200
24.06.2024 00:10:09.353,0.8456200000000001,0.84555,1200,1200
24.06.2024 00:10:15.145,0.8456100000000001,0.84555,1200,1200
24.06.2024 00:10:15.398,0.8456100000000001,0.84553,1200,1800
24.06.2024 00:10:23.798,0.8456100000000001,0.84554,1200,1200
24.06.2024 00:10:24.001,0.8456100000000001,0.84553,1200,1800
24.06.2024 00:10:24.202,0.8456,0.84555,1200,1200
24.06.2024 00:10:24.404,0.8456,0.84554,1200,1800
24.06.2024 00:10:24.606,0.8456,0.84555,1200,1200
24.06.2024 00:10:25.410,0.8456100000000001,0.84553,1200,1800
24.06.2024 00:10:30.850,0.8456,0.84555,1200,1200
24.06.2024 00:10:31.052,0.8456100000000001,0.84553,1200,1800
24.06.2024 00:10:33.414,0.8456100000000001,0.84554,1200,1200
24.06.2024 00:10:34.420,0.8456100000000001,0.84553,1200,1800
24.06.2024 00:10:34.723,0.8456,0.84555,1200,1200
24.06.2024 00:10:36.380,0.8456100000000001,0.84553,1200,1800
24.06.2024 00:10:36.934,0.8456100000000001,0.84554,1800,1800
24.06.2024 00:10:37.739,0.84563,0.84554,3599.9999,1200
24.06.2024 00:10:38.393,0.8456200000000001,0.84553,1200,2700
24.06.2024 00:10:39.098,0.84563,0.84554,3599.9999,1200
24.06.2024 00:10:39.654,0.8456200000000001,0.84554,1200,1200
24.06.2024 00:10:42.633,0.8456,0.84555,1200,1200
24.06.2024 00:10:43.640,0.8456200000000001,0.84554,1200,1200
24.06.2024 00:10:44.144,0.8456100000000001,0.84553,1200,1800
24.06.2024 00:10:53.083,0.8456100000000001,0.84554,1200,1200
24.06.2024 00:10:53.285,0.8456100000000001,0.84553,1200,1800
24.06.2024 00:10:54.142,0.8456100000000001,0.8455200000000002,1800,2700
24.06.2024 00:10:55.399,0.8456100000000001,0.84553,1200,1200
24.06.2024 00:10:55.550,0.8456100000000001,0.8455200000000002,1800,2700
24.06.2024 00:10:55.752,0.84558,0.84553,1200,2700
24.06.2024 00:10:55.854,0.84559,0.84553,1200,1200
24.06.2024 00:10:56.055,0.84559,0.8455200000000002,1200,2700
24.06.2024 00:10:56.257,0.84559,0.84553,1200,1200
24.06.2024 00:10:57.015,0.8456,0.84554,1200,1200
24.06.2024 00:10:57.520,0.8456100000000001,0.8455200000000002,1800,2700
24.06.2024 00:10:57.723,0.8456100000000001,0.84553,1200,1200
24.06.2024 00:10:58.025,0.8456100000000001,0.8455200000000002,1800,2700
24.06.2024 00:10:58.126,0.8456,0.8455200000000002,1200,2700
24.06.2024 00:10:58.228,0.84559,0.84554,1200,1200
24.06.2024 00:10:58.431,0.8456,0.8455200000000002,1200,2700
24.06.2024 00:10:59.487,0.84559,0.84554,1200,1200
24.06.2024 00:10:59.688,0.8456,0.8455200000000002,1200,2700
24.06.2024 00:11:00.143,0.8456,0.84553,1200,1200
24.06.2024 00:11:00.346,0.8456,0.8455200000000002,1200,2700
24.06.2024 00:11:00.548,0.8456,0.84553,1200,1200
24.06.2024 00:11:00.700,0.8456,0.84554,1200,1200
24.06.2024 00:11:00.802,0.8456100000000001,0.84554,1200,1200
24.06.2024 00:11:00.955,0.8456,0.84554,1200,1200
24.06.2024 00:11:01.158,0.8456100000000001,0.84554,1200,1200
24.06.2024 00:11:01.664,0.8456100000000001,0.84553,1200,1800
24.06.2024 00:11:02.724,0.8456100000000001,0.84554,1200,1200
24.06.2024 00:11:02.925,0.8456100000000001,0.84553,1200,1800
24.06.2024 00:11:04.083,0.8456100000000001,0.84554,1200,1200
24.06.2024 00:11:04.789,0.8456100000000001,0.84553,1200,1800
24.06.2024 00:11:05.796,0.8456100000000001,0.84554,1200,1200
24.06.2024 00:11:05.999,0.8456100000000001,0.84553,1200,1800
24.06.2024 00:11:06.302,0.8456100000000001,0.84554,1200,1200
24.06.2024 00:11:07.060,0.8456200000000001,0.84555,1200,1200
24.06.2024 00:11:07.163,0.8456200000000001,0.8455600000000001,1200,1200
24.06.2024 00:11:07.265,0.84563,0.8455600000000001,1200,1200
24.06.2024 00:11:10.792,0.8456200000000001,0.84555,1800,1200
24.06.2024 00:11:20.507,0.8456100000000001,0.84555,1200,1200
24.06.2024 00:11:22.569,0.8456,0.84555,1800,1200
24.06.2024 00:12:02.400,0.8456100000000001,0.84555,1200,1200
24.06.2024 00:12:03.911,0.8456100000000001,0.84554,1200,1800
24.06.2024 00:12:27.354,0.84559,0.84555,1200,1200
24.06.2024 00:12:27.556,0.8456,0.84553,1800,1800
24.06.2024 00:12:32.189,0.8456,0.84554,1200,1200
24.06.2024 00:12:33.747,0.8456,0.84553,1200,1800
24.06.2024 00:12:33.948,0.8456,0.84554,1200,1200
24.06.2024 00:12:34.150,0.84559,0.84554,1200,1800
24.06.2024 00:12:34.503,0.8456,0.84554,1200,1200
24.06.2024 00:12:34.705,0.8456,0.84553,1200,1800
24.06.2024 00:12:36.312,0.8456,0.84554,1200,1200
24.06.2024 00:12:37.066,0.8456,0.84553,1200,1800
24.06.2024 00:12:38.072,0.8456,0.84554,1200,1200
24.06.2024 00:12:38.274,0.8456,0.84553,1200,1800
24.06.2024 00:13:02.558,0.84559,0.84553,1200,1200
24.06.2024 00:13:02.761,0.8456,0.84553,1800,1200
24.06.2024 00:13:03.367,0.84559,0.84553,1200,1200
24.06.2024 00:13:03.720,0.84559,0.84554,2700,1200
24.06.2024 00:13:03.922,0.84559,0.84553,1200,1200
24.06.2024 00:13:04.124,0.8456,0.84553,2700,1200
24.06.2024 00:13:04.326,0.84559,0.84553,1200,1200
24.06.2024 00:13:05.506,0.8456,0.84553,2700,1200
24.06.2024 00:13:06.161,0.84558,0.84554,1200,1200
24.06.2024 00:13:06.413,0.84559,0.84554,2700,1200
24.06.2024 00:13:06.615,0.84559,0.84553,1200,1200
24.06.2024 00:13:09.185,0.84559,0.84554,2700,1200
24.06.2024 00:13:09.388,0.84559,0.84553,1200,1200
24.06.2024 00:13:09.640,0.84559,0.84554,2700,1200
24.06.2024 00:13:09.843,0.84559,0.84553,1200,1200
24.06.2024 00:13:11.053,0.8456,0.84553,2700,1200
24.06.2024 00:13:11.456,0.84559,0.84553,1200,1200
24.06.2024 00:13:11.660,0.8456,0.84553,2700,1200
24.06.2024 00:13:11.862,0.84558,0.84553,1200,1200
24.06.2024 00:13:12.266,0.84559,0.84553,1200,1200
24.06.2024 00:13:12.519,0.84558,0.84553,1200,1200
24.06.2024 00:13:12.721,0.84559,0.84553,1200,1200
24.06.2024 00:13:13.173,0.84558,0.84553,1200,1200
24.06.2024 00:13:13.376,0.84559,0.84553,1200,1200
24.06.2024 00:13:13.728,0.8455700000000002,0.84553,1200,1200
24.06.2024 00:13:13.930,0.84559,0.84553,1200,1200
24.06.2024 00:13:16.946,0.84559,0.8455200000000002,1800,1200
24.06.2024 00:13:17.198,0.84558,0.8455200000000002,1200,1200
24.06.2024 00:13:17.401,0.84558,0.84553,1800,1200
24.06.2024 00:13:17.603,0.8455700000000002,0.84553,1200,1200
24.06.2024 00:13:26.600,0.84559,0.8455200000000002,1800,1200
24.06.2024 00:13:26.952,0.8455700000000002,0.84553,1200,1200
24.06.2024 00:13:27.156,0.84559,0.8455200000000002,1800,1200
24.06.2024 00:13:27.260,0.84558,0.8455200000000002,1200,1200
24.06.2024 00:13:27.363,0.8455600000000001,0.8455200000000002,1200,1200
24.06.2024 00:13:27.566,0.84558,0.8455200000000002,1800,1200
24.06.2024 00:13:27.767,0.8455700000000002,0.8455200000000002,1200,1200
24.06.2024 00:13:28.675,0.84558,0.8455200000000002,1800,1200
24.06.2024 00:13:28.877,0.8455600000000001,0.8455200000000002,1200,1200
24.06.2024 00:13:29.838,0.8455700000000002,0.8455100000000001,1200,1200
24.06.2024 00:13:29.940,0.84558,0.8455100000000001,2700,1200
24.06.2024 00:13:30.093,0.8455600000000001,0.8455200000000002,1200,1200
24.06.2024 00:13:30.294,0.8455700000000002,0.8455200000000002,2700,1200
24.06.2024 00:13:30.698,0.8455700000000002,0.8455100000000001,1200,1200
24.06.2024 00:13:30.950,0.8455700000000002,0.8455200000000002,2700,1200
24.06.2024 00:13:31.906,0.8455700000000002,0.8455100000000001,1200,1200
24.06.2024 00:13:32.862,0.84558,0.8455100000000001,2700,1200
24.06.2024 00:13:38.854,0.8455600000000001,0.8455200000000002,1200,1200
24.06.2024 00:13:39.057,0.84558,0.8455100000000001,2700,1200
24.06.2024 00:13:39.259,0.8455700000000002,0.8455100000000001,1200,1200
24.06.2024 00:13:39.963,0.8455700000000002,0.8455200000000002,2700,1200
24.06.2024 00:13:40.065,0.8455600000000001,0.8455200000000002,1200,1200
24.06.2024 00:13:42.332,0.84558,0.8455100000000001,1800,1200
24.06.2024 00:13:42.484,0.84558,0.8455200000000002,1200,1200
24.06.2024 00:14:11.751,0.84558,0.8455100000000001,1800,1200
24.06.2024 00:14:11.853,0.8455600000000001,0.8455100000000001,1200,1200
24.06.2024 00:14:11.905,0.8455700000000002,0.84553,1200,1200
24.06.2024 00:14:12.007,0.84558,0.84553,1200,1200
24.06.2024 00:14:12.109,0.8456,0.84553,1800,1200
24.06.2024 00:14:25.892,0.8456,0.8455,1120,2250
24.06.2024 00:14:27.152,0.8456,0.8455100000000001,1200,1800
24.06.2024 00:14:27.304,0.84559,0.8455,1800,1350
24.06.2024 00:14:27.507,0.8456,0.84549,1890,2920.0001
24.06.2024 00:14:27.963,0.84559,0.84549,1200,2020
24.06.2024 00:14:28.368,0.8456,0.84549,1890,2020
24.06.2024 00:14:28.571,0.84558,0.84549,1200,2020
24.06.2024 00:14:28.774,0.84559,0.84549,1200,2020
24.06.2024 00:14:31.143,0.84558,0.84549,1200,1200
24.06.2024 00:14:31.346,0.84559,0.84549,1800,1200
24.06.2024 00:14:31.549,0.84558,0.84549,1200,1200
24.06.2024 00:14:31.650,0.84558,0.84548,1800,1570.0001
24.06.2024 00:14:32.258,0.84558,0.84549,1200,1200
24.06.2024 00:14:32.765,0.84559,0.84549,1800,1200
24.06.2024 00:14:32.968,0.84558,0.84549,1200,1200
24.06.2024 00:14:35.136,0.84559,0.84549,1800,1200
24.06.2024 00:14:35.337,0.84558,0.84549,1200,1200
24.06.2024 00:14:35.540,0.84559,0.84549,1800,1200
24.06.2024 00:14:36.395,0.84558,0.84549,1200,1200
24.06.2024 00:14:37.051,0.84559,0.84549,1800,1200
24.06.2024 00:14:37.436,0.84558,0.84549,1200,1200
24.06.2024 00:14:37.638,0.84559,0.84549,1800,1200
24.06.2024 00:14:38.444,0.84558,0.84549,1200,1200
24.06.2024 00:14:39.501,0.84559,0.84549,1800,1200
24.06.2024 00:14:39.703,0.84558,0.84549,1200,1200
24.06.2024 00:14:39.906,0.84559,0.84549,1800,1200
24.06.2024 00:14:40.108,0.84558,0.84549,1200,1200
24.06.2024 00:14:40.363,0.84558,0.8455,1800,1200
24.06.2024 00:14:40.565,0.84558,0.84549,1200,1200
24.06.2024 00:14:40.717,0.84559,0.84549,1800,1200
24.06.2024 00:14:41.019,0.84558,0.84549,1200,1200
24.06.2024 00:14:42.476,0.8455700000000002,0.84549,1200,1200
24.06.2024 00:14:42.677,0.8455700000000002,0.8455,1200,1200
24.06.2024 00:14:43.482,0.8455600000000001,0.8455,1200,1200
24.06.2024 00:14:43.683,0.8455700000000002,0.8455,1200,1200
24.06.2024 00:14:44.238,0.8455700000000002,0.84549,1200,1200
24.06.2024 00:14:44.491,0.84558,0.84548,1800,2020
24.06.2024 00:14:44.695,0.8455600000000001,0.84549,1200,2470
24.06.2024 00:14:44.898,0.84558,0.84548,1200,3369.9999
24.06.2024 00:14:45.301,0.8455700000000002,0.84548,1200,2470
24.06.2024 00:14:45.756,0.84558,0.84548,1200,2920.0001
24.06.2024 00:14:46.009,0.8455700000000002,0.84548,1200,2920.0001
24.06.2024 00:14:46.212,0.84558,0.84548,1200,2920.0001
24.06.2024 00:14:46.414,0.8455700000000002,0.84548,1200,2920.0001
24.06.2024 00:14:46.917,0.8455700000000002,0.84549,1200,3369.9999
24.06.2024 00:14:47.069,0.8455600000000001,0.84549,1200,3369.9999
24.06.2024 00:14:47.823,0.84558,0.84548,1200,3369.9999
24.06.2024 00:14:48.075,0.84559,0.84548,1800,4270
24.06.2024 00:14:48.226,0.84558,0.84548,1200,3369.9999
24.06.2024 00:14:50.233,0.8455700000000002,0.84548,1200,3369.9999
24.06.2024 00:14:50.436,0.84558,0.84548,1200,3369.9999
24.06.2024 00:14:51.593,0.84559,0.84549,1800,1800
24.06.2024 00:14:51.694,0.84559,0.8455,1800,1200
24.06.2024 00:14:53.509,0.84558,0.8455,1200,4050.0002
24.06.2024 00:14:54.015,0.84558,0.84549,1200,2250
24.06.2024 00:14:54.318,0.84558,0.8455,1800,2250
24.06.2024 00:14:55.628,0.84558,0.84549,1200,1800
24.06.2024 00:14:59.857,0.84559,0.84549,1800,1200
24.06.2024 00:15:00.060,0.84558,0.84549,1200,1200
24.06.2024 00:15:00.263,0.84558,0.8455,1800,1200
24.06.2024 00:15:00.468,0.8455700000000002,0.8455,1200,1200
24.06.2024 00:15:00.671,0.84558,0.8455,1800,1200
24.06.2024 00:15:00.823,0.84558,0.84549,1200,1200
24.06.2024 00:15:01.532,0.84559,0.84549,2700,1200
24.06.2024 00:15:01.634,0.8455700000000002,0.84548,1200,3369.9999
24.06.2024 00:15:02.391,0.8455700000000002,0.84549,1200,1200
24.06.2024 00:15:02.493,0.84559,0.84549,1800,1200
24.06.2024 00:15:03.552,0.84558,0.84549,1200,1200
24.06.2024 00:15:03.755,0.84559,0.84549,1800,1200
24.06.2024 00:15:06.368,0.8455700000000002,0.8455,1200,1350
24.06.2024 00:15:06.570,0.84559,0.84549,1800,1350
24.06.2024 00:15:07.476,0.84558,0.84549,1200,1200
24.06.2024 00:15:07.678,0.84558,0.8455,1800,1200
24.06.2024 00:15:07.931,0.84558,0.84549,1200,1200
24.06.2024 00:15:08.134,0.84559,0.84549,1800,1200
24.06.2024 00:15:08.938,0.84558,0.84549,1200,1200
24.06.2024 00:15:09.543,0.84559,0.84549,1800,1350
24.06.2024 00:15:11.052,0.84558,0.84549,1200,1350
24.06.2024 00:15:11.707,0.84558,0.8455,1200,1200
24.06.2024 00:15:13.469,0.84558,0.8455100000000001,1800,1200
24.06.2024 00:15:13.671,0.84558,0.8455,1200,1200
24.06.2024 00:15:16.132,0.84558,0.8455100000000001,1800,1200
24.06.2024 00:15:17.087,0.84558,0.84549,1200,1800
24.06.2024 00:15:21.343,0.8455700000000002,0.8455100000000001,1200,1200
24.06.2024 00:15:23.056,0.8455700000000002,0.8455,1200,2700
24.06.2024 00:15:23.258,0.84558,0.8455,1200,1200
24.06.2024 00:15:24.062,0.8455700000000002,0.8455,1200,2700
24.06.2024 00:15:24.967,0.84558,0.8455,1200,1200
24.06.2024 00:15:25.370,0.84558,0.8455100000000001,1200,1200
24.06.2024 00:15:25.574,0.84558,0.8455200000000002,1200,1200
24.06.2024 00:15:25.777,0.84558,0.8455100000000001,1200,1200
24.06.2024 00:15:25.980,0.8455700000000002,0.8455100000000001,1200,1800
24.06.2024 00:15:30.056,0.84559,0.8455,1200,1800
24.06.2024 00:15:30.158,0.84559,0.8455200000000002,1200,1200
24.06.2024 00:15:31.921,0.84559,0.8455100000000001,1200,1800
24.06.2024 00:15:32.023,0.8456,0.8455100000000001,1200,1800
24.06.2024 00:15:32.931,0.8456,0.8455200000000002,1200,1200
24.06.2024 00:15:33.033,0.8456100000000001,0.8455200000000002,1200,1200
24.06.2024 00:15:33.135,0.8456,0.84554,1200,1200
24.06.2024 00:15:35.409,0.8456100000000001,0.8455200000000002,1200,1200
24.06.2024 00:15:39.745,0.8456100000000001,0.8455100000000001,1800,1800
24.06.2024 00:15:40.402,0.8456100000000001,0.8455200000000002,1200,1200
24.06.2024 00:15:43.731,0.8456100000000001,0.8455100000000001,1800,1200
24.06.2024 00:15:44.843,0.8456100000000001,0.8455200000000002,1200,1200
24.06.2024 00:15:57.123,0.8456100000000001,0.84553,1200,1200
24.06.2024 00:15:57.781,0.8456100000000001,0.8455200000000002,1800,1800
24.06.2024 00:15:59.215,0.8456,0.84554,1200,1200
24.06.2024 00:15:59.926,0.8456200000000001,0.84554,1800,1200
24.06.2024 00:16:00.078,0.8456200000000001,0.8455700000000002,1800,1200
24.06.2024 00:16:00.434,0.8456400000000001,0.8455700000000002,1800,1200
24.06.2024 00:16:16.200,0.84563,0.8455700000000002,1200,1200
24.06.2024 00:16:17.811,0.8456400000000001,0.8455700000000002,1800,1200
24.06.2024 00:16:55.463,0.8456400000000001,0.8455600000000001,1200,1200
24.06.2024 00:17:00.198,0.84563,0.84555,1200,1200
24.06.2024 00:17:07.249,0.84563,0.8455700000000002,1800,1200
24.06.2024 00:17:18.425,0.84563,0.8455600000000001,1200,1200
24.06.2024 00:17:18.627,0.8456400000000001,0.8455600000000001,1800,1200
24.06.2024 00:17:20.591,0.84563,0.8455600000000001,1200,1200
24.06.2024 00:17:20.792,0.84563,0.8455700000000002,2700,1200
24.06.2024 00:17:27.156,0.84563,0.8455600000000001,1200,1200
24.06.2024 00:17:55.907,0.8456400000000001,0.8455700000000002,1800,1200
24.06.2024 00:18:18.593,0.84563,0.8455600000000001,1200,1200
24.06.2024 00:18:28.508,0.8456400000000001,0.8455700000000002,1800,1200
24.06.2024 00:18:28.712,0.8456200000000001,0.8455700000000002,1200,1200
24.06.2024 00:19:00.905,0.8456400000000001,0.8455600000000001,1200,1200
24.06.2024 00:19:01.362,0.84565,0.8455700000000002,1120,1200
24.06.2024 00:19:01.464,0.8456600000000001,0.84558,1200,1200
24.06.2024 00:19:01.566,0.8456700000000001,0.84558,1800,1200
24.06.2024 00:19:10.675,0.8456600000000001,0.84558,1200,1200
24.06.2024 00:19:13.697,0.8456600000000001,0.8455700000000002,2700,1200
24.06.2024 00:19:13.800,0.84565,0.8455700000000002,1200,1200
24.06.2024 00:19:16.577,0.8456400000000001,0.8455700000000002,1800,1200
24.06.2024 00:19:25.027,0.84565,0.8455700000000002,1800,1200
24.06.2024 00:19:25.129,0.84565,0.84558,1200,1200
24.06.2024 00:19:31.775,0.84565,0.8455700000000002,1800,1200
24.06.2024 00:19:37.926,0.8456600000000001,0.84558,1200,1200
24.06.2024 00:20:05.729,0.84565,0.84558,1200,1200
24.06.2024 00:20:06.034,0.8456400000000001,0.8455600000000001,1200,1800
24.06.2024 00:20:21.395,0.84565,0.8455700000000002,1800,1200
24.06.2024 00:20:22.155,0.84563,0.8455600000000001,1200,1200
24.06.2024 00:20:43.085,0.8456400000000001,0.8455700000000002,1200,1200
24.06.2024 00:20:53.555,0.84563,0.8455600000000001,1200,1200
24.06.2024 00:21:09.035,0.84565,0.84558,2020,1200
24.06.2024 00:21:11.703,0.8456600000000001,0.84559,1200,1200
24.06.2024 00:22:06.673,0.84565,0.84558,1200,1800
24.06.2024 00:22:09.238,0.8456400000000001,0.8455700000000002,1200,1800
24.06.2024 00:22:29.870,0.8456200000000001,0.8455700000000002,1200,1800
24.06.2024 00:22:40.834,0.8456400000000001,0.8455700000000002,1200,1200
24.06.2024 00:22:41.340,0.8456400000000001,0.84558,1200,1200
24.06.2024 00:22:48.330,0.8456600000000001,0.84558,1120,1200
24.06.2024 00:22:54.609,0.8456700000000001,0.84558,2700,1200
24.06.2024 00:22:54.812,0.8456600000000001,0.84558,1200,1200
24.06.2024 00:22:55.920,0.8456700000000001,0.84558,2700,1200
24.06.2024 00:22:56.121,0.8456600000000001,0.84558,1200,1200
24.06.2024 00:22:57.228,0.8456700000000001,0.84558,2700,1200
24.06.2024 00:22:57.380,0.8456600000000001,0.84558,1200,1200
24.06.2024 00:22:57.582,0.8456700000000001,0.84558,2700,1200
24.06.2024 00:22:57.683,0.8456600000000001,0.84558,1200,1200
24.06.2024 00:22:58.187,0.8456700000000001,0.84558,2700,1200
24.06.2024 00:23:01.455,0.8456600000000001,0.84558,1200,1200
24.06.2024 00:23:01.661,0.8456700000000001,0.84558,2700,1200
24.06.2024 00:23:01.813,0.8456700000000001,0.8455700000000002,2700,1800
24.06.2024 00:23:06.447,0.8456600000000001,0.8455700000000002,1800,1200
24.06.2024 00:23:07.662,0.8456400000000001,0.84558,1200,1200
24.06.2024 00:23:07.866,0.8456600000000001,0.8455700000000002,1800,1200
24.06.2024 00:23:08.069,0.84565,0.8455700000000002,1200,1200
24.06.2024 00:23:08.322,0.8456600000000001,0.8455700000000002,2700,1200
24.06.2024 00:23:10.787,0.84565,0.8455700000000002,1200,1200
24.06.2024 00:23:10.990,0.8456600000000001,0.84559,1800,1200
24.06.2024 00:23:11.142,0.8456600000000001,0.84558,1200,1200
24.06.2024 00:23:11.345,0.8456700000000001,0.84558,1800,1200
24.06.2024 00:23:28.023,0.8456600000000001,0.84558,1200,1200
24.06.2024 00:23:28.327,0.8456600000000001,0.84559,1800,1200
24.06.2024 00:23:28.783,0.8456600000000001,0.84558,1200,1200
24.06.2024 00:23:28.986,0.8456700000000001,0.84558,1800,1200
24.06.2024 00:23:30.094,0.8456600000000001,0.84558,1200,1200
24.06.2024 00:23:30.296,0.8456700000000001,0.84558,1800,1200
24.06.2024 00:23:30.449,0.8456600000000001,0.84558,1200,1200
24.06.2024 00:23:31.709,0.8456700000000001,0.84558,1800,1200
24.06.2024 00:23:31.962,0.84565,0.84559,1200,1200
24.06.2024 00:23:32.165,0.8456700000000001,0.84558,1800,1200
24.06.2024 00:23:32.771,0.84565,0.84559,1200,1200
24.06.2024 00:23:32.872,0.8456700000000001,0.84558,1800,1200
24.06.2024 00:23:33.074,0.8456600000000001,0.84558,1200,1200
24.06.2024 00:23:33.276,0.8456600000000001,0.84559,1800,1200
24.06.2024 00:23:34.334,0.84565,0.84559,1200,1200
24.06.2024 00:23:34.536,0.8456700000000001,0.84558,1800,1200
24.06.2024 00:23:34.738,0.8456600000000001,0.84558,1200,1200
24.06.2024 00:23:35.744,0.8456700000000001,0.84558,1800,1200
24.06.2024 00:23:36.198,0.8456600000000001,0.84558,1200,1200
24.06.2024 00:23:36.400,0.8456700000000001,0.84558,1800,1200
24.06.2024 00:23:37.057,0.84565,0.84559,1800,1200
24.06.2024 00:23:37.261,0.8456400000000001,0.84559,1200,1200
24.06.2024 00:23:37.563,0.8456600000000001,0.84558,1800,1200
24.06.2024 00:23:53.905,0.8456600000000001,0.8455700000000002,2700,1800
24.06.2024 00:23:54.510,0.8456400000000001,0.84558,1200,1800
24.06.2024 00:23:55.065,0.8456600000000001,0.8455700000000002,1800,1800
24.06.2024 00:23:55.267,0.84565,0.8455700000000002,1200,1800
24.06.2024 00:23:55.771,0.8456600000000001,0.8455700000000002,1800,1800
24.06.2024 00:23:55.973,0.84565,0.8455700000000002,1200,1800
24.06.2024 00:23:56.175,0.8456600000000001,0.8455700000000002,1800,1800
24.06.2024 00:23:56.527,0.84565,0.8455700000000002,1200,1800
24.06.2024 00:23:56.730,0.8456600000000001,0.8455700000000002,1800,1800
24.06.2024 00:23:57.687,0.8456400000000001,0.84558,1200,1800
24.06.2024 00:24:00.205,0.84565,0.84558,1800,1800
24.06.2024 00:24:00.608,0.8456400000000001,0.84558,1200,1800
24.06.2024 00:24:02.318,0.8456600000000001,0.8455700000000002,1800,1800
24.06.2024 00:24:03.075,0.84565,0.8455700000000002,1200,1800
24.06.2024 00:24:03.530,0.8456600000000001,0.8455700000000002,1800,1800
24.06.2024 00:24:03.732,0.84565,0.8455700000000002,1200,1800
24.06.2024 00:24:09.165,0.84565,0.84558,2700,1800
24.06.2024 00:24:09.367,0.84565,0.8455700000000002,1200,1800
24.06.2024 00:24:09.871,0.8456600000000001,0.8455700000000002,2700,1800
24.06.2024 00:24:10.073,0.84565,0.8455700000000002,1200,1200
24.06.2024 00:24:10.275,0.8456600000000001,0.8455700000000002,2700,1200
24.06.2024 00:24:10.528,0.84565,0.8455700000000002,1200,1200
24.06.2024 00:24:11.234,0.84565,0.84558,2700,1200
24.06.2024 00:24:11.436,0.84565,0.8455700000000002,1200,1200
24.06.2024 00:24:12.090,0.84565,0.8455600000000001,1200,1800
24.06.2024 00:24:15.265,0.8456600000000001,0.8455700000000002,1800,1200
24.06.2024 00:24:30.153,0.84565,0.8455700000000002,1200,1200
24.06.2024 00:24:30.355,0.8456600000000001,0.8455700000000002,2700,1200
24.06.2024 00:24:30.556,0.84565,0.8455700000000002,1200,1200
24.06.2024 00:24:32.065,0.8456600000000001,0.8455700000000002,2700,1200
24.06.2024 00:24:47.757,0.8456600000000001,0.84559,1200,1200
24.06.2024 00:24:47.809,0.84565,0.8455700000000002,1200,1800
24.06.2024 00:24:47.921,0.8456600000000001,0.8455700000000002,1800,1200
24.06.2024 00:24:52.246,0.84565,0.8455600000000001,1200,1800
24.06.2024 00:24:54.916,0.8456600000000001,0.8455600000000001,1200,2700
24.06.2024 00:24:58.292,0.84565,0.8455600000000001,1200,1800
24.06.2024 00:25:00.104,0.84565,0.84555,1200,3010
24.06.2024 00:25:00.658,0.84565,0.8455700000000002,1200,1200
24.06.2024 00:25:05.079,0.84565,0.84555,1200,3010
24.06.2024 00:25:06.891,0.84565,0.8455600000000001,1200,1200
24.06.2024 00:25:07.093,0.8456400000000001,0.8455600000000001,1200,5260.0002
24.06.2024 00:25:07.798,0.84565,0.8455600000000001,1200,1200
24.06.2024 00:25:08.050,0.8456400000000001,0.84558,1200,1200
24.06.2024 00:25:08.453,0.84565,0.84559,1200,1200
24.06.2024 00:25:46.403,0.8456600000000001,0.8456,1800,1200
24.06.2024 00:25:47.464,0.84565,0.84559,2700,1200
24.06.2024 00:25:49.681,0.8456600000000001,0.8455700000000002,3599.9999,1200
24.06.2024 00:25:49.783,0.84565,0.8455700000000002,1200,1200
24.06.2024 00:25:49.934,0.8456600000000001,0.8455700000000002,3599.9999,1200
24.06.2024 00:25:50.287,0.84565,0.8455700000000002,1200,1200
24.06.2024 00:25:51.093,0.8456600000000001,0.8455700000000002,3599.9999,1200
24.06.2024 00:25:52.403,0.84565,0.8455700000000002,1200,1200
24.06.2024 00:25:53.262,0.8456600000000001,0.8455700000000002,2700,1200
24.06.2024 00:25:54.068,0.84565,0.8455700000000002,1200,1200
24.06.2024 00:25:54.772,0.8456600000000001,0.8455700000000002,2700,1200
24.06.2024 00:25:56.980,0.84565,0.8455700000000002,1200,1200
24.06.2024 00:25:57.536,0.8456600000000001,0.8455700000000002,2700,1200
24.06.2024 00:25:58.643,0.8456400000000001,0.84558,1200,1200
24.06.2024 00:25:58.845,0.8456600000000001,0.8455700000000002,2700,1200
24.06.2024 00:25:59.048,0.8456400000000001,0.84558,1200,1200
24.06.2024 00:25:59.250,0.8456600000000001,0.8455700000000002,2700,1200
24.06.2024 00:25:59.453,0.84565,0.8455700000000002,1200,1200
24.06.2024 00:26:00.660,0.8456600000000001,0.8455700000000002,2700,1200
24.06.2024 00:26:00.863,0.8456600000000001,0.8455600000000001,1800,1800
24.06.2024 00:26:05.298,0.8456600000000001,0.8455700000000002,1800,1200
24.06.2024 00:26:08.519,0.8456700000000001,0.8455700000000002,2020,1800
24.06.2024 00:26:08.622,0.8456700000000001,0.84558,1800,1200
24.06.2024 00:26:18.030,0.8456700000000001,0.8455700000000002,2700,1800
24.06.2024 00:27:01.620,0.8456600000000001,0.8455700000000002,1800,1200
24.06.2024 00:27:01.722,0.8456400000000001,0.8455700000000002,1200,2700
24.06.2024 00:27:07.012,0.8456600000000001,0.8455700000000002,1800,1200
24.06.2024 00:27:17.782,0.8456400000000001,0.8455700000000002,1200,1200
24.06.2024 00:27:17.985,0.84565,0.8455700000000002,1800,1200
24.06.2024 00:27:18.442,0.84565,0.84558,1800,1200
24.06.2024 00:27:18.544,0.8456600000000001,0.84558,1200,1200
24.06.2024 00:27:37.165,0.8456700000000001,0.84558,1200,1800
24.06.2024 00:27:51.040,0.84568,0.84559,2920.0001,1200
24.06.2024 00:27:55.666,0.84565,0.8456,1200,1200
24.06.2024 00:28:39.306,0.84565,0.84558,1200,1200
24.06.2024 00:28:41.679,0.8456600000000001,0.84559,1200,1200
24.06.2024 00:29:08.357,0.8456600000000001,0.84559,1200,1200
24.06.2024 00:29:11.777,0.8456600000000001,0.8455700000000002,1200,2790
24.06.2024 00:29:21.045,0.8456600000000001,0.84558,1200,1200
24.06.2024 00:29:21.650,0.84565,0.84558,1200,2790
24.06.2024 00:29:22.002,0.8456600000000001,0.84558,1200,1200
24.06.2024 00:29:22.505,0.8456600000000001,0.8455700000000002,1200,2790
24.06.2024 00:29:22.959,0.84565,0.84559,1200,1200
24.06.2024 00:29:23.512,0.8456600000000001,0.8455700000000002,1200,2790
24.06.2024 00:29:23.663,0.84565,0.8455700000000002,1200,2790
24.06.2024 00:29:24.969,0.84565,0.84558,1200,1200
24.06.2024 00:29:26.576,0.8456400000000001,0.84558,1200,2790
24.06.2024 00:29:26.728,0.84565,0.84558,1200,1200
24.06.2024 00:29:27.583,0.8456400000000001,0.84558,1200,2790
24.06.2024 00:29:28.992,0.8456400000000001,0.84559,1200,1200
24.06.2024 00:29:29.194,0.84565,0.8455700000000002,1200,2790
24.06.2024 00:29:29.396,0.84565,0.84558,1200,1200
24.06.2024 00:29:29.799,0.84565,0.8455700000000002,1200,2790
24.06.2024 00:29:37.833,0.8456400000000001,0.84559,1200,1200
24.06.2024 00:29:38.035,0.84565,0.8455700000000002,1200,2790
24.06.2024 00:29:38.609,0.84565,0.84558,1200,1200
24.06.2024 00:29:42.777,0.8456700000000001,0.84558,1200,1200
24.06.2024 00:29:48.502,0.8456700000000001,0.8455700000000002,1800,1890
24.06.2024 00:29:48.654,0.84565,0.8455700000000002,1200,1890
24.06.2024 00:29:49.364,0.8456600000000001,0.84558,1200,2700
24.06.2024 00:29:49.466,0.8456700000000001,0.84558,1200,2700
24.06.2024 00:29:55.609,0.84565,0.84559,1200,1200
24.06.2024 00:29:56.315,0.8456600000000001,0.8455700000000002,1200,1800
24.06.2024 00:30:05.989,0.84565,0.8455700000000002,1200,1200
24.06.2024 00:30:07.803,0.84565,0.84558,1200,1200
24.06.2024 00:30:08.660,0.84565,0.8455700000000002,1200,2700
24.06.2024 00:30:08.863,0.84565,0.84558,1200,1200
24.06.2024 00:30:09.066,0.84565,0.8455700000000002,1200,1800
24.06.2024 00:30:10.628,0.8456700000000001,0.84558,2700,1200
24.06.2024 00:30:16.666,0.8456600000000001,0.8455700000000002,1200,2700
24.06.2024 00:30:20.658,0.8456700000000001,0.84558,1200,1200
24.06.2024 00:30:21.663,0.8456600000000001,0.8455700000000002,1200,3599.9999
24.06.2024 00:30:23.628,0.8456700000000001,0.8455700000000002,1200,2700
24.06.2024 00:30:28.255,0.8456600000000001,0.8455700000000002,1200,1800
24.06.2024 00:30:28.814,0.8456400000000001,0.8455700000000002,1200,1200
24.06.2024 00:30:39.024,0.84565,0.8455700000000002,1200,1800
24.06.2024 00:30:49.588,0.8456400000000001,0.8455700000000002,1200,1800
24.06.2024 00:30:52.358,0.84565,0.8455700000000002,1200,2700
24.06.2024 00:31:17.486,0.84565,0.8455600000000001,1200,1800
24.06.2024 00:31:28.216,0.8456400000000001,0.8455600000000001,1200,1200
24.06.2024 00:31:29.733,0.84563,0.84555,1200,1200
24.06.2024 00:31:31.904,0.84565,0.8455600000000001,1800,1200
24.06.2024 00:31:48.692,0.8456400000000001,0.8455600000000001,1200,1200
24.06.2024 00:31:52.774,0.84565,0.8455600000000001,1800,1800
24.06.2024 00:32:04.603,0.8456400000000001,0.8455600000000001,1200,1800
24.06.2024 00:32:05.308,0.84565,0.8455600000000001,2700,1200
24.06.2024 00:32:05.409,0.8456400000000001,0.8455600000000001,1200,1200
24.06.2024 00:32:10.751,0.84565,0.8455700000000002,1800,1200
24.06.2024 00:32:16.339,0.8456400000000001,0.8455700000000002,1200,1200
24.06.2024 00:32:16.540,0.84565,0.8455700000000002,2700,1200
24.06.2024 00:32:22.747,0.84565,0.84558,1800,1200
24.06.2024 00:32:22.949,0.84565,0.8455700000000002,1800,2700
24.06.2024 00:32:24.555,0.84565,0.84558,1200,1200
24.06.2024 00:32:29.240,0.8456600000000001,0.84558,2700,1200
24.06.2024 00:32:36.281,0.84565,0.84558,1200,1200
24.06.2024 00:33:05.547,0.8456600000000001,0.84558,2700,1200
24.06.2024 00:33:43.942,0.8456600000000001,0.8456,1800,1200
24.06.2024 00:34:11.544,0.8456600000000001,0.84559,1200,1200
24.06.2024 00:34:21.722,0.8456600000000001,0.8456,1800,1200
24.06.2024 00:34:23.937,0.84568,0.84558,1800,1200
24.06.2024 00:34:24.242,0.84569,0.84559,2700,1200
24.06.2024 00:34:24.950,0.84569,0.8456,1200,1200
24.06.2024 00:34:25.406,0.84568,0.84559,1200,1200
24.06.2024 00:34:25.609,0.84569,0.84559,3599.9999,1200
24.06.2024 00:34:25.860,0.84568,0.84558,1200,2790
24.06.2024 00:34:26.367,0.8456700000000001,0.8456,2700,1200
24.06.2024 00:34:29.793,0.8456700000000001,0.84559,1200,1200
24.06.2024 00:34:30.903,0.84568,0.84559,1800,1200
24.06.2024 00:35:00.843,0.8456700000000001,0.84559,1200,1200
24.06.2024 00:35:01.449,0.84565,0.8456,1200,1200
24.06.2024 00:35:04.265,0.8456600000000001,0.8456,1200,1200
24.06.2024 00:35:08.858,0.8456600000000001,0.84559,1200,1200
24.06.2024 00:35:09.313,0.8456600000000001,0.8456,1200,1200
24.06.2024 00:35:19.490,0.8456700000000001,0.8456,1200,1200
24.06.2024 00:35:19.593,0.84568,0.8456200000000001,1200,1200
24.06.2024 00:35:19.695,0.84569,0.8456,1200,1890
24.06.2024 00:35:19.797,0.8457100000000001,0.8456200000000001,1200,1200
24.06.2024 00:35:19.899,0.8457,0.8456100000000001,1200,1800
24.06.2024 00:35:21.215,0.84569,0.84563,1200,1200
24.06.2024 00:35:21.570,0.8457,0.8456100000000001,1200,1800
24.06.2024 00:35:21.722,0.8457,0.8456200000000001,1200,1200
24.06.2024 00:35:29.726,0.8457100000000001,0.8456200000000001,1800,1200
24.06.2024 00:35:35.716,0.8457100000000001,0.84563,1200,1200
24.06.2024 00:35:42.335,0.8457100000000001,0.8456200000000001,1800,1200
24.06.2024 00:35:56.788,0.8457100000000001,0.84563,1200,1200
24.06.2024 00:35:56.891,0.8457200000000001,0.84563,2700,1800
24.06.2024 00:36:00.824,0.8457100000000001,0.8456600000000001,1800,1200
24.06.2024 00:36:02.440,0.8457100000000001,0.8456400000000001,1200,1200
24.06.2024 00:36:19.640,0.8457,0.8456400000000001,1200,1200
24.06.2024 00:36:25.480,0.8457100000000001,0.8456400000000001,1800,1200
24.06.2024 00:36:26.035,0.84569,0.84565,1200,1200
24.06.2024 00:36:28.354,0.8457,0.8456600000000001,1200,1200
24.06.2024 00:36:34.492,0.8457,0.8456600000000001,1200,1200
24.06.2024 00:36:36.804,0.84569,0.84565,1200,4800.0002
24.06.2024 00:36:39.474,0.8457100000000001,0.84565,1200,1200
24.06.2024 00:36:43.149,0.8457,0.84565,1200,1200
24.06.2024 00:36:46.518,0.8457100000000001,0.84565,1200,1200
24.06.2024 00:37:08.962,0.8457,0.84565,1800,1200
24.06.2024 00:37:37.353,0.84569,0.8456200000000001,1200,1200
24.06.2024 00:37:38.163,0.8457,0.84563,1800,1200
24.06.2024 00:37:58.987,0.84569,0.84563,1200,1200
24.06.2024 00:38:06.184,0.84569,0.8456200000000001,1800,1200
24.06.2024 00:38:37.566,0.84568,0.8456100000000001,1200,1200
24.06.2024 00:39:01.251,0.8456700000000001,0.8456,1800,1200
24.06.2024 00:39:02.262,0.84565,0.84558,1200,2109.9999
24.06.2024 00:39:02.365,0.84563,0.84558,1200,1200
24.06.2024 00:39:08.950,0.84563,0.8455600000000001,1200,1200
24.06.2024 00:39:10.918,0.84563,0.8455600000000001,1200,1320.0001
24.06.2024 00:40:03.959,0.8456400000000001,0.8455700000000002,1800,1320.0001
24.06.2024 00:40:40.193,0.84565,0.84558,1800,1320.0001
24.06.2024 00:40:40.296,0.84565,0.84559,1200,1320.0001
24.06.2024 00:40:49.643,0.8456600000000001,0.84559,1800,1320.0001
24.06.2024 00:40:51.611,0.8456600000000001,0.84559,1800,1320.0001
24.06.2024 00:40:53.624,0.8456600000000001,0.84559,1800,1320.0001
24.06.2024 00:40:56.648,0.8456600000000001,0.84559,1800,1320.0001
24.06.2024 00:41:09.344,0.84565,0.84558,1800,1320.0001
24.06.2024 00:41:13.023,0.8456400000000001,0.8455700000000002,1200,1320.0001
24.06.2024 00:41:35.163,0.8456400000000001,0.84559,1800,1320.0001
24.06.2024 00:41:35.265,0.8456400000000001,0.8455700000000002,1200,1320.0001
24.06.2024 00:41:35.519,0.84565,0.84558,1800,1320.0001
24.06.2024 00:41:45.016,0.8456400000000001,0.8455700000000002,1200,1320.0001
24.06.2024 00:41:48.797,0.8456400000000001,0.8455700000000002,1800,1320.0001
24.06.2024 00:41:58.216,0.8456400000000001,0.8455700000000002,1200,1320.0001
24.06.2024 00:42:02.493,0.8456400000000001,0.84559,1800,1320.0001
24.06.2024 00:42:08.587,0.8456400000000001,0.8455700000000002,1200,1320.0001
24.06.2024 00:42:09.645,0.84563,0.84558,1200,1320.0001
24.06.2024 00:42:21.219,0.84565,0.84558,1200,1890
24.06.2024 00:42:21.372,0.84565,0.84558,1200,1920
24.06.2024 00:42:42.608,0.8456600000000001,0.84559,1200,1890
24.06.2024 00:42:44.574,0.8456600000000001,0.84559,1200,1320.0001
24.06.2024 00:43:18.131,0.8456600000000001,0.84559,1200,1320.0001
24.06.2024 00:43:18.233,0.84565,0.84558,1200,1320.0001
24.06.2024 00:43:18.335,0.84563,0.84558,1200,1320.0001
24.06.2024 00:43:32.560,0.84563,0.84558,1200,1320.0001
24.06.2024 00:43:32.762,0.8456400000000001,0.8455700000000002,1200,1320.0001
24.06.2024 00:44:56.132,0.84565,0.84558,1800,1320.0001
24.06.2024 00:45:03.867,0.84565,0.84558,1800,1320.0001
24.06.2024 00:45:20.818,0.84565,0.8456,1800,1320.0001
24.06.2024 00:45:22.479,0.8456600000000001,0.84559,1800,1320.0001
24.06.2024 00:45:26.353,0.8456600000000001,0.84559,1800,1320.0001
24.06.2024 00:45:27.462,0.84565,0.8456,1800,1320.0001
24.06.2024 00:45:28.872,0.8456600000000001,0.84559,1800,1920
24.06.2024 00:46:04.338,0.84565,0.84559,1200,1320.0001
24.06.2024 00:46:08.664,0.84565,0.8456,1800,1320.0001
24.06.2024 00:46:29.079,0.8456600000000001,0.84559,1800,1200
24.06.2024 00:46:37.115,0.84568,0.8456200000000001,1200,1200
24.06.2024 00:46:37.218,0.8456600000000001,0.84559,1800,1320.0001
24.06.2024 00:46:48.965,0.84565,0.84558,1200,1320.0001
24.06.2024 00:46:49.421,0.84565,0.84558,1200,1920
24.06.2024 00:47:05.733,0.8456600000000001,0.84559,1200,1320.0001
24.06.2024 00:47:05.835,0.8456600000000001,0.8456,1200,1320.0001
24.06.2024 00:47:11.771,0.84568,0.8456100000000001,1200,1320.0001
24.06.2024 00:47:17.862,0.84568,0.8456100000000001,1200,1320.0001
24.06.2024 00:47:19.073,0.84569,0.8456,1200,3720
24.06.2024 00:47:24.862,0.84569,0.8456,1800,1320.0001
24.06.2024 00:47:31.809,0.84569,0.8456100000000001,1200,1320.0001
24.06.2024 00:47:42.167,0.8457,0.8456200000000001,1800,1320.0001
24.06.2024 00:48:03.154,0.8457,0.8456200000000001,1200,1320.0001
24.06.2024 00:48:08.544,0.8457,0.8456200000000001,1200,1320.0001
24.06.2024 00:48:12.514,0.8457,0.8456100000000001,2700,1920
24.06.2024 00:48:19.395,0.8457,0.8456100000000001,1800,1920
24.06.2024 00:48:48.371,0.8457,0.8456200000000001,1200,1320.0001
24.06.2024 00:48:48.523,0.8457,0.8456200000000001,1200,1320.0001
24.06.2024 00:48:52.098,0.8457,0.8456200000000001,1200,1320.0001
24.06.2024 00:49:09.539,0.84568,0.8456200000000001,1200,2819.9999
24.06.2024 00:49:12.102,0.84568,0.8456100000000001,1200,2819.9999
24.06.2024 00:49:12.254,0.8457,0.8456100000000001,2700,2819.9999
24.06.2024 00:49:12.456,0.84569,0.8456100000000001,1200,2819.9999
24.06.2024 00:49:12.808,0.8457,0.8456100000000001,2700,2819.9999
24.06.2024 00:49:13.963,0.84569,0.8456100000000001,1200,2819.9999
24.06.2024 00:49:14.266,0.8457,0.8456100000000001,2700,2819.9999
24.06.2024 00:49:45.633,0.84569,0.8456100000000001,1200,2819.9999
24.06.2024 00:49:46.339,0.8457,0.8456200000000001,1800,1320.0001
24.06.2024 00:49:46.944,0.84569,0.8456200000000001,1200,1320.0001
24.06.2024 00:49:47.146,0.84569,0.84563,1800,1320.0001
24.06.2024 00:49:49.863,0.84569,0.8456100000000001,1200,1920
24.06.2024 00:49:52.128,0.84568,0.8456200000000001,1800,1200
24.06.2024 00:49:53.837,0.8456600000000001,0.8456100000000001,1200,1320.0001
24.06.2024 00:49:54.543,0.8456700000000001,0.8456,1200,1320.0001
24.06.2024 00:49:55.348,0.84569,0.8456100000000001,1800,1320.0001
24.06.2024 00:50:01.281,0.84569,0.8456100000000001,1800,2819.9999
24.06.2024 00:50:13.427,0.8457,0.8456200000000001,1200,1890
24.06.2024 00:50:14.888,0.8457100000000001,0.8456200000000001,2920.0001,1320.0001
24.06.2024 00:50:19.470,0.8457100000000001,0.84563,2700,2819.9999
24.06.2024 00:50:23.092,0.8457100000000001,0.8456200000000001,1200,1920
24.06.2024 00:50:23.295,0.8457200000000001,0.8456200000000001,2700,2819.9999
24.06.2024 00:50:23.397,0.8457,0.84563,1200,2819.9999
24.06.2024 00:50:27.977,0.8457200000000001,0.8456200000000001,2700,2819.9999
24.06.2024 00:50:33.107,0.84573,0.84563,2700,1920
24.06.2024 00:50:33.309,0.8457200000000001,0.84563,1200,1320.0001
24.06.2024 00:50:33.512,0.84573,0.84563,2700,1920
24.06.2024 00:50:33.714,0.8457100000000001,0.8456400000000001,1200,1320.0001
24.06.2024 00:50:46.409,0.84573,0.8456400000000001,3599.9999,1320.0001
24.06.2024 00:50:51.391,0.8457200000000001,0.84563,1200,1320.0001
24.06.2024 00:50:55.966,0.84573,0.8456600000000001,2250,1320.0001
24.06.2024 00:50:56.069,0.84574,0.8456700000000001,1570.0001,1320.0001
24.06.2024 00:50:56.171,0.84573,0.84565,2700,1320.0001
24.06.2024 00:50:56.323,0.84574,0.8456400000000001,2700,1320.0001
24.06.2024 00:50:57.280,0.84573,0.8456400000000001,1200,1320.0001
24.06.2024 00:50:57.432,0.84574,0.8456400000000001,2700,1320.0001
24.06.2024 00:51:01.408,0.84573,0.8456400000000001,1200,1320.0001
24.06.2024 00:51:04.076,0.8457200000000001,0.8456400000000001,1200,1320.0001
24.06.2024 00:51:04.379,0.84573,0.8456400000000001,2700,1320.0001
24.06.2024 00:51:04.581,0.8457100000000001,0.84565,1200,1320.0001
24.06.2024 00:51:04.934,0.84573,0.8456400000000001,2700,1320.0001
24.06.2024 00:51:05.637,0.8457200000000001,0.8456400000000001,1200,1320.0001
24.06.2024 00:51:06.090,0.8457100000000001,0.8456400000000001,1800,1920
24.06.2024 00:51:08.007,0.8457100000000001,0.8456400000000001,2700,1200
24.06.2024 00:51:10.122,0.8457200000000001,0.8456400000000001,1800,1200
24.06.2024 00:51:10.324,0.8457100000000001,0.8456400000000001,1800,1800
24.06.2024 00:51:10.426,0.8457200000000001,0.8456400000000001,1200,1200
24.06.2024 00:51:14.351,0.8457100000000001,0.8456400000000001,1800,1200
24.06.2024 00:51:18.142,0.8457100000000001,0.84565,1200,1200
24.06.2024 00:51:18.647,0.84573,0.84565,2700,1200
24.06.2024 00:51:18.850,0.84573,0.8456400000000001,2700,1800
24.06.2024 00:51:19.101,0.84573,0.84565,2700,1200
24.06.2024 00:51:19.253,0.84573,0.8456400000000001,2700,1800
24.06.2024 00:51:20.765,0.8457200000000001,0.8456400000000001,1200,1200
24.06.2024 00:51:21.520,0.8457100000000001,0.8456400000000001,1800,2700
24.06.2024 00:51:31.726,0.8457200000000001,0.8456400000000001,1200,1200
24.06.2024 00:51:41.376,0.8457200000000001,0.84563,1800,1800
24.06.2024 00:51:42.988,0.8457200000000001,0.8456400000000001,1200,1200
24.06.2024 00:51:43.190,0.8457200000000001,0.84563,1200,2700
24.06.2024 00:51:43.846,0.8457200000000001,0.8456400000000001,1200,1200
24.06.2024 00:51:44.048,0.8457100000000001,0.8456400000000001,1200,2700
24.06.2024 00:51:47.119,0.8457,0.84563,1200,2790
24.06.2024 00:51:47.272,0.84568,0.84563,1200,1320.0001
24.06.2024 00:51:48.131,0.84569,0.8456200000000001,1200,1320.0001
24.06.2024 00:51:48.384,0.84569,0.8456200000000001,1200,1320.0001
24.06.2024 00:51:53.945,0.84569,0.8456200000000001,1200,1320.0001
24.06.2024 00:52:00.134,0.84569,0.84563,1200,1200
24.06.2024 00:52:09.994,0.8457,0.84563,1200,1890
24.06.2024 00:52:10.197,0.8457,0.84563,1200,1920
24.06.2024 00:52:11.157,0.8457100000000001,0.8456400000000001,1200,1320.0001
24.06.2024 00:52:36.083,0.8457100000000001,0.8456400000000001,1200,2819.9999
24.06.2024 00:52:36.285,0.8457,0.84565,1200,2790
24.06.2024 00:52:50.172,0.8457100000000001,0.84565,1200,1200
24.06.2024 00:52:50.830,0.8457100000000001,0.8456400000000001,1200,2790
24.06.2024 00:52:56.012,0.8457200000000001,0.84565,1200,2790
24.06.2024 00:52:56.115,0.84573,0.8456600000000001,1200,1320.0001
24.06.2024 00:52:58.083,0.8457200000000001,0.84565,1200,1890
24.06.2024 00:52:59.295,0.8457100000000001,0.8456400000000001,1200,2790
24.06.2024 00:53:06.639,0.8457200000000001,0.84565,1200,1890
24.06.2024 00:53:06.742,0.8457200000000001,0.84565,1200,1920
24.06.2024 00:53:06.844,0.8457200000000001,0.8456700000000001,1800,1320.0001
24.06.2024 00:53:10.014,0.8457200000000001,0.84565,1200,1320.0001
24.06.2024 00:53:27.190,0.8457100000000001,0.84565,1200,1200
24.06.2024 00:53:31.927,0.8457200000000001,0.84565,1800,1200
24.06.2024 00:53:41.548,0.8457,0.84565,1200,1320.0001
24.06.2024 00:53:44.874,0.8457100000000001,0.8456600000000001,1800,1320.0001
24.06.2024 00:53:46.792,0.8457200000000001,0.8456600000000001,1200,1320.0001
24.06.2024 00:53:46.894,0.84573,0.8456600000000001,1200,1320.0001
24.06.2024 00:54:03.109,0.84574,0.8456700000000001,2700,1200
24.06.2024 00:54:10.461,0.84573,0.8456600000000001,1200,1200
24.06.2024 00:54:36.388,0.8457200000000001,0.8456600000000001,1200,1200
24.06.2024 00:54:36.540,0.84573,0.8456600000000001,1800,1200
24.06.2024 00:54:48.170,0.84574,0.8456700000000001,1800,1200
24.06.2024 00:54:53.208,0.84575,0.84568,1200,1200
24.06.2024 00:54:54.270,0.84573,0.8456700000000001,1200,1320.0001
24.06.2024 00:54:54.372,0.8457200000000001,0.8456600000000001,1200,1320.0001
24.06.2024 00:54:54.475,0.84573,0.8456600000000001,1200,2790
24.06.2024 00:54:54.526,0.8457200000000001,0.84563,1800,4619.9999
24.06.2024 00:54:54.578,0.8457200000000001,0.8456600000000001,1200,1200
24.06.2024 00:54:54.781,0.8457200000000001,0.84565,1200,1320.0001
24.06.2024 00:54:55.742,0.8457200000000001,0.8456400000000001,1800,1320.0001
24.06.2024 00:54:59.824,0.8457,0.84565,1200,1320.0001
24.06.2024 00:54:59.976,0.8457200000000001,0.8456400000000001,1800,1320.0001
24.06.2024 00:55:00.078,0.8457100000000001,0.8456400000000001,1800,1320.0001
24.06.2024 00:55:00.180,0.8457100000000001,0.8456700000000001,1200,1200
24.06.2024 00:55:00.282,0.84569,0.8456200000000001,1200,1020
24.06.2024 00:55:00.385,0.8457100000000001,0.84563,1800,1320.0001
24.06.2024 00:55:00.486,0.8457,0.8456200000000001,1200,1320.0001
24.06.2024 00:55:01.247,0.8457,0.8456400000000001,1200,1320.0001
24.06.2024 00:55:01.552,0.84569,0.84565,1200,1320.0001
24.06.2024 00:55:01.908,0.8457200000000001,0.84565,1200,1920
24.06.2024 00:55:02.616,0.84573,0.8456600000000001,1200,1200
24.06.2024 00:55:04.632,0.84573,0.8456700000000001,1200,1200
24.06.2024 00:55:04.734,0.84574,0.8456700000000001,1800,1200
24.06.2024 00:55:04.836,0.84574,0.84568,1200,1200
24.06.2024 00:55:07.771,0.84574,0.8456700000000001,1800,1200
24.06.2024 00:55:13.122,0.84573,0.8456600000000001,1200,1320.0001
24.06.2024 00:55:14.938,0.84574,0.8456700000000001,1800,1200
24.06.2024 00:55:15.193,0.84574,0.84568,1200,1200
24.06.2024 00:55:15.446,0.84575,0.84568,1800,1200
24.06.2024 00:55:15.853,0.84574,0.84568,1200,1200
24.06.2024 00:55:15.956,0.84573,0.8456600000000001,1200,1890
24.06.2024 00:55:16.057,0.84574,0.8456700000000001,1800,1200
24.06.2024 00:55:17.617,0.84574,0.84568,1200,1200
24.06.2024 00:55:18.173,0.84575,0.84568,1800,1320.0001
24.06.2024 00:55:21.398,0.84574,0.8456700000000001,1200,1320.0001
24.06.2024 00:55:23.159,0.84575,0.84568,1200,1890
24.06.2024 00:55:23.261,0.8457600000000001,0.84569,1200,1890
24.06.2024 00:55:23.313,0.8457700000000001,0.8457100000000001,1200,1200
24.06.2024 00:55:23.565,0.8457700000000001,0.8457200000000001,1800,1200
24.06.2024 00:55:23.820,0.8457700000000001,0.8457100000000001,1200,1200
24.06.2024 00:55:42.033,0.8457600000000001,0.84569,1200,1890
24.06.2024 00:55:44.204,0.84575,0.8457100000000001,1200,1200
24.06.2024 00:55:44.556,0.8457600000000001,0.84569,1200,1800
24.06.2024 00:55:44.607,0.8457700000000001,0.8457100000000001,1200,1200
24.06.2024 00:55:55.309,0.8457700000000001,0.8457,1800,1200
24.06.2024 00:56:00.207,0.84575,0.84569,1200,1200
24.06.2024 00:56:00.310,0.84575,0.84568,1800,1200
24.06.2024 00:56:00.463,0.84573,0.84569,1200,1200
24.06.2024 00:56:00.615,0.84574,0.8456700000000001,1200,1800
24.06.2024 00:56:02.431,0.84573,0.8456700000000001,1200,1200
24.06.2024 00:56:05.608,0.84574,0.8456700000000001,1200,1200
24.06.2024 00:56:07.725,0.84573,0.8456700000000001,1200,1200
24.06.2024 00:56:09.337,0.84573,0.8456600000000001,1800,1200
24.06.2024 00:56:19.116,0.84573,0.84568,1120,1200
24.06.2024 00:56:20.431,0.84575,0.84568,1200,1200
24.06.2024 00:56:21.289,0.84574,0.8456700000000001,1200,1200
24.06.2024 00:56:40.087,0.84575,0.84568,1800,1200
24.06.2024 00:57:26.273,0.84573,0.8456600000000001,1200,1200
24.06.2024 00:57:30.043,0.84574,0.8456700000000001,1800,1200
24.06.2024 00:57:30.145,0.84575,0.84568,1800,1200
24.06.2024 00:57:35.541,0.8457700000000001,0.8457,1800,1200
24.06.2024 00:57:39.316,0.8457600000000001,0.8457200000000001,1200,1200
24.06.2024 00:57:39.417,0.84578,0.8457100000000001,1800,1800
24.06.2024 00:58:00.178,0.84579,0.8457200000000001,1800,1200
24.06.2024 00:58:16.943,0.8458,0.84573,1800,1800
24.06.2024 00:58:17.146,0.8458,0.84574,1200,1200
24.06.2024 00:58:17.348,0.8458,0.84573,1200,1800
24.06.2024 00:58:22.031,0.8458100000000001,0.84574,1200,1800
24.06.2024 00:58:30.546,0.8458100000000001,0.84575,1200,1200
24.06.2024 00:58:30.747,0.8458,0.84575,1200,1800
24.06.2024 00:58:31.601,0.8458100000000001,0.84575,1200,1200
24.06.2024 00:58:31.803,0.8458100000000001,0.84574,1200,1800
24.06.2024 00:58:34.169,0.8458100000000001,0.84575,1200,1200
24.06.2024 00:58:34.374,0.8458100000000001,0.84574,1200,1800
24.06.2024 00:58:39.915,0.8458100000000001,0.84575,1200,1200
24.06.2024 00:58:42.584,0.84583,0.8457600000000001,1800,1200
24.06.2024 00:58:42.686,0.84583,0.8457700000000001,1200,1800
24.06.2024 00:58:43.357,0.84584,0.8457700000000001,2700,1200
24.06.2024 00:58:45.473,0.84583,0.8457700000000001,1200,1200
24.06.2024 00:58:45.879,0.84584,0.8457700000000001,1800,1200
24.06.2024 00:58:45.981,0.84585,0.84578,1800,1200
24.06.2024 00:58:55.403,0.84585,0.8458,1800,1200
24.06.2024 00:58:59.128,0.84584,0.84579,1800,1200
24.06.2024 00:58:59.179,0.8458200000000001,0.8457700000000001,1200,1200
24.06.2024 00:58:59.231,0.8458200000000001,0.84575,1200,1200
24.06.2024 00:59:01.806,0.84583,0.8457600000000001,1800,1200
24.06.2024 00:59:01.908,0.84583,0.8457700000000001,1200,1200
24.06.2024 00:59:05.994,0.84584,0.8457700000000001,1200,1200
24.06.2024 00:59:07.256,0.84585,0.84579,1200,1200
24.06.2024 00:59:18.124,0.84583,0.8457600000000001,1200,1800
24.06.2024 00:59:18.227,0.84585,0.84578,1800,1200
24.06.2024 00:59:23.473,0.8458600000000001,0.84579,2700,1200
24.06.2024 00:59:48.453,0.8458600000000001,0.8458100000000001,1120,1200
24.06.2024 00:59:52.383,0.84588,0.8458100000000001,1200,1200
24.06.2024 01:00:08.026,0.8458700000000001,0.8458,1200,2700
24.06.2024 01:00:09.190,0.8458700000000001,0.8458100000000001,1200,1200
24.06.2024 01:00:09.644,0.8458700000000001,0.8458,1200,2700
24.06.2024 01:00:10.954,0.8458700000000001,0.8458100000000001,1200,1200
24.06.2024 01:00:11.156,0.8458700000000001,0.8458,1200,2700
24.06.2024 01:00:19.158,0.8458700000000001,0.8458100000000001,1200,1200
24.06.2024 01:00:19.663,0.8458700000000001,0.8458,1200,1800
24.06.2024 01:00:25.620,0.8458600000000001,0.8458200000000001,1200,1200
24.06.2024 01:00:28.243,0.8458700000000001,0.8458,1200,1800
24.06.2024 01:00:34.185,0.8458600000000001,0.84579,1200,1800
24.06.2024 01:00:43.457,0.84585,0.84579,1200,1200
24.06.2024 01:00:43.660,0.8458600000000001,0.84579,1800,1200
24.06.2024 01:00:45.017,0.84585,0.84579,1200,1200
24.06.2024 01:00:45.220,0.8458600000000001,0.84579,1800,1200
24.06.2024 01:00:46.228,0.84585,0.84579,1200,1200
24.06.2024 01:00:46.430,0.8458600000000001,0.84579,1800,1200
24.06.2024 01:00:46.833,0.84585,0.84579,1200,1200
24.06.2024 01:00:47.035,0.84585,0.8458,1800,1200
24.06.2024 01:00:52.833,0.8458600000000001,0.8458100000000001,1800,1200
24.06.2024 01:01:00.441,0.8458600000000001,0.8458200000000001,1200,1200
24.06.2024 01:01:00.644,0.84588,0.8458100000000001,1200,1200
24.06.2024 01:01:04.643,0.84589,0.8458200000000001,1200,1800
24.06.2024 01:01:07.012,0.84589,0.84583,1200,1200
24.06.2024 01:01:07.215,0.84589,0.8458200000000001,1200,1800
24.06.2024 01:01:07.468,0.84589,0.84583,1200,1200
24.06.2024 01:01:07.670,0.84589,0.8458200000000001,1200,1800
24.06.2024 01:01:07.872,0.84589,0.84583,1200,1200
24.06.2024 01:01:08.075,0.84589,0.8458200000000001,1200,1800
24.06.2024 01:01:08.935,0.84589,0.84583,1200,1200
24.06.2024 01:01:09.138,0.84589,0.8458200000000001,1200,1800
24.06.2024 01:01:09.341,0.84589,0.84583,1200,1200
24.06.2024 01:01:09.543,0.84589,0.8458200000000001,1200,1800
24.06.2024 01:01:09.745,0.84589,0.84583,1800,1200
24.06.2024 01:01:10.099,0.84589,0.8458200000000001,1800,1800
24.06.2024 01:01:11.611,0.8458700000000001,0.84583,1200,1200
24.06.2024 01:01:11.713,0.84588,0.8458100000000001,1200,2700
24.06.2024 01:01:11.815,0.8458700000000001,0.8458100000000001,1200,1800
24.06.2024 01:01:13.581,0.84588,0.8458100000000001,1200,1800
24.06.2024 01:01:13.684,0.84589,0.8458200000000001,2700,1200
24.06.2024 01:01:18.931,0.8459200000000001,0.84585,1350,1800
24.06.2024 01:01:27.855,0.84593,0.8458600000000001,2020,1200
24.06.2024 01:01:34.075,0.8459200000000001,0.84585,1200,1800
24.06.2024 01:01:46.715,0.8459200000000001,0.8458600000000001,1200,1200
24.06.2024 01:01:46.817,0.84593,0.8458600000000001,1800,1200
24.06.2024 01:01:47.174,0.8459200000000001,0.84585,1200,1200
24.06.2024 01:01:51.913,0.8459,0.84583,1200,1200
24.06.2024 01:01:52.268,0.84589,0.8458200000000001,1200,1200
24.06.2024 01:01:55.594,0.8459,0.84584,1200,1200
24.06.2024 01:01:55.696,0.84591,0.8458600000000001,1200,1200
24.06.2024 01:01:56.151,0.8459200000000001,0.8458600000000001,1200,1200
24.06.2024 01:01:56.557,0.8459200000000001,0.84585,1800,1200
24.06.2024 01:01:57.014,0.84591,0.84585,1200,1200
24.06.2024 01:01:57.116,0.8459,0.84585,1200,1200
24.06.2024 01:01:59.683,0.8459,0.84583,1800,1200
24.06.2024 01:02:00.896,0.84589,0.84583,1200,1200
24.06.2024 01:02:02.612,0.8459,0.84583,1800,1800
24.06.2024 01:02:02.816,0.84591,0.84585,1200,1200
24.06.2024 01:02:02.968,0.8459,0.84585,1200,1200
24.06.2024 01:02:03.524,0.84591,0.84585,1200,1200
24.06.2024 01:02:04.937,0.8459200000000001,0.8458600000000001,1200,1800
24.06.2024 01:02:05.089,0.8459200000000001,0.8458700000000001,1800,1800
24.06.2024 01:02:05.443,0.84593,0.8458700000000001,1800,1200
24.06.2024 01:02:05.645,0.8459200000000001,0.8458700000000001,1800,1800
24.06.2024 01:02:07.733,0.8459200000000001,0.84588,1800,1200
24.06.2024 01:02:07.934,0.84593,0.8458600000000001,1800,1800
24.06.2024 01:02:08.588,0.84593,0.8458700000000001,1800,1200
24.06.2024 01:02:08.790,0.8459200000000001,0.8458700000000001,1800,1800
24.06.2024 01:02:13.475,0.84594,0.8458700000000001,1200,1200
24.06.2024 01:02:17.659,0.84593,0.84589,1200,1200
24.06.2024 01:02:17.861,0.84594,0.8458700000000001,1800,1200
24.06.2024 01:02:23.757,0.84593,0.8458600000000001,1200,1800
24.06.2024 01:02:24.363,0.84591,0.8458700000000001,1200,1200
24.06.2024 01:02:25.471,0.84593,0.8458600000000001,1800,1200
24.06.2024 01:02:30.873,0.84593,0.8458700000000001,1200,1200
24.06.2024 01:02:31.074,0.84593,0.8458600000000001,1200,1800
24.06.2024 01:02:32.988,0.84593,0.8458700000000001,1200,1200
24.06.2024 01:02:33.190,0.84593,0.8458600000000001,1200,1800
24.06.2024 01:02:40.024,0.84593,0.8458700000000001,1200,1200
24.06.2024 01:02:40.226,0.84593,0.8458600000000001,1200,1800
24.06.2024 01:02:50.048,0.84593,0.8458700000000001,1200,1200
24.06.2024 01:02:50.250,0.84593,0.8458600000000001,1200,1800
24.06.2024 01:02:51.259,0.84593,0.8458700000000001,1200,1200
24.06.2024 01:02:51.663,0.8459200000000001,0.8458700000000001,1200,2700
24.06.2024 01:02:51.866,0.84593,0.8458700000000001,1200,1200
24.06.2024 01:02:52.018,0.84593,0.8458600000000001,1200,2700
24.06.2024 01:02:52.824,0.84594,0.8458700000000001,1200,1800
24.06.2024 01:03:00.236,0.84593,0.8458600000000001,1200,1200
24.06.2024 01:03:00.338,0.8459200000000001,0.8458600000000001,1200,1200
24.06.2024 01:03:07.145,0.8459200000000001,0.84585,1800,1200
24.06.2024 01:03:23.890,0.84593,0.8458600000000001,1800,1800
24.06.2024 01:03:25.303,0.84594,0.8458700000000001,1800,1800
24.06.2024 01:03:44.472,0.84593,0.8458600000000001,1200,1200
24.06.2024 01:04:11.708,0.84591,0.8458700000000001,1200,1200
24.06.2024 01:04:29.206,0.8459200000000001,0.84585,1800,1800
24.06.2024 01:04:40.557,0.8459200000000001,0.8458600000000001,1200,1200
24.06.2024 01:04:40.758,0.84591,0.8458600000000001,1200,1800
24.06.2024 01:04:41.262,0.8459200000000001,0.8458600000000001,1200,1200
24.06.2024 01:04:42.219,0.84591,0.8458600000000001,1200,1800
24.06.2024 01:04:42.370,0.84591,0.8458700000000001,1200,1200
24.06.2024 01:04:42.573,0.84591,0.8458600000000001,1200,1800
24.06.2024 01:04:52.232,0.84591,0.84585,1200,1200
24.06.2024 01:04:56.211,0.84591,0.84584,1800,1200
24.06.2024 01:04:56.313,0.84589,0.84585,1200,1200
24.06.2024 01:05:07.797,0.8459,0.84585,1800,1800
24.06.2024 01:05:07.950,0.84591,0.84585,1800,1200
24.06.2024 01:05:08.153,0.8459,0.84585,1800,1800
24.06.2024 01:05:08.357,0.84591,0.84585,1800,1200
24.06.2024 01:05:09.313,0.84591,0.84584,1800,1800
24.06.2024 01:05:09.515,0.84591,0.84585,1800,1200
24.06.2024 01:05:19.918,0.8459200000000001,0.84585,1800,1800
24.06.2024 01:05:22.938,0.8459200000000001,0.8458600000000001,1800,1200
24.06.2024 01:05:23.445,0.84593,0.8458600000000001,1800,1800
24.06.2024 01:05:44.655,0.8459200000000001,0.84585,1200,1800
24.06.2024 01:05:44.756,0.84591,0.84585,1200,1800
24.06.2024 01:05:48.388,0.8459,0.84585,1200,1200
24.06.2024 01:05:49.948,0.8459,0.84584,1200,1200
24.06.2024 01:06:06.543,0.84591,0.84584,1800,1800
24.06.2024 01:06:24.701,0.84591,0.84585,1200,1800
24.06.2024 01:06:24.804,0.8459200000000001,0.84585,1800,1800
24.06.2024 01:06:24.906,0.84593,0.8458600000000001,2700,1200
24.06.2024 01:06:25.663,0.8459200000000001,0.8458600000000001,1200,1200
24.06.2024 01:06:30.097,0.84591,0.8458600000000001,1800,1200
24.06.2024 01:06:45.525,0.84591,0.8458700000000001,1800,1200
24.06.2024 01:06:45.778,0.8459200000000001,0.84585,1800,1800
24.06.2024 01:06:46.285,0.8459200000000001,0.8458600000000001,1800,1200
24.06.2024 01:06:46.538,0.8459200000000001,0.84585,1800,1800
24.06.2024 01:06:47.395,0.8459200000000001,0.8458600000000001,1800,1200
24.06.2024 01:06:48.606,0.8459200000000001,0.84585,1800,1800
24.06.2024 01:06:51.175,0.8459200000000001,0.8458600000000001,1800,1200
24.06.2024 01:06:51.378,0.8459200000000001,0.84585,1800,1800
24.06.2024 01:06:51.580,0.84591,0.8458700000000001,1800,1200
24.06.2024 01:06:59.588,0.84593,0.8458600000000001,1800,1800
24.06.2024 01:07:05.323,0.8459200000000001,0.84585,1200,1800
24.06.2024 01:07:05.425,0.84591,0.84585,1200,1800
24.06.2024 01:07:05.527,0.8459,0.84585,1800,1200
24.06.2024 01:07:08.186,0.8459200000000001,0.84585,2700,1200
24.06.2024 01:07:08.548,0.84591,0.84585,1200,1800
24.06.2024 01:07:34.894,0.8459200000000001,0.84585,1800,1800
24.06.2024 01:07:47.321,0.84593,0.8458600000000001,1800,1200
24.06.2024 01:07:52.261,0.84591,0.8458600000000001,1200,2700
24.06.2024 01:07:54.437,0.84593,0.84584,1200,1800
24.06.2024 01:07:54.941,0.84594,0.84585,2700,1200
24.06.2024 01:07:55.393,0.84593,0.84584,1200,1800
24.06.2024 01:07:55.595,0.84594,0.84585,2700,1200
24.06.2024 01:07:57.808,0.84594,0.8458600000000001,1200,1200
24.06.2024 01:07:58.012,0.84594,0.84585,2700,1200
24.06.2024 01:07:58.113,0.8459200000000001,0.84585,1200,1200
24.06.2024 01:07:58.467,0.8459200000000001,0.84584,1200,1800
24.06.2024 01:07:59.526,0.8459200000000001,0.84585,1200,1200
24.06.2024 01:07:59.981,0.84593,0.84584,1800,1800
24.06.2024 01:08:00.133,0.8459200000000001,0.8458600000000001,1200,1200
24.06.2024 01:08:00.587,0.84593,0.84584,1800,1800
24.06.2024 01:08:00.941,0.84593,0.84585,1200,1200
24.06.2024 01:08:01.447,0.84593,0.84584,1800,1800
24.06.2024 01:08:01.650,0.84593,0.84585,1200,1200
24.06.2024 01:08:01.902,0.8459200000000001,0.84585,1200,1200
24.06.2024 01:08:02.105,0.8459200000000001,0.8458600000000001,1200,1200
24.06.2024 01:08:02.509,0.8459200000000001,0.84585,1200,1200
24.06.2024 01:08:02.711,0.8459200000000001,0.84584,1200,1800
24.06.2024 01:08:03.064,0.8459200000000001,0.84585,1200,1200
24.06.2024 01:08:04.025,0.8459200000000001,0.84584,1200,1800
24.06.2024 01:08:04.228,0.8459200000000001,0.84585,1200,1200
24.06.2024 01:08:04.984,0.8459200000000001,0.84584,1200,1800
24.06.2024 01:08:05.136,0.84591,0.8458700000000001,1200,1200
24.06.2024 01:08:05.338,0.84593,0.84585,1200,1200
24.06.2024 01:08:05.541,0.84593,0.8458600000000001,1200,1200
24.06.2024 01:08:05.744,0.84593,0.84585,1200,1200
24.06.2024 01:08:06.298,0.84593,0.8458600000000001,1200,1200
24.06.2024 01:08:06.500,0.84593,0.84585,1200,1200
24.06.2024 01:08:07.204,0.84593,0.8458600000000001,1200,1200
24.06.2024 01:08:07.407,0.8459200000000001,0.84588,1200,1200
24.06.2024 01:08:07.610,0.84593,0.8458600000000001,1200,1200
24.06.2024 01:08:09.728,0.84593,0.84585,1200,1800
24.06.2024 01:08:12.985,0.84593,0.8458600000000001,1200,1800
24.06.2024 01:08:16.514,0.84593,0.84585,1200,1200
24.06.2024 01:08:16.616,0.84593,0.84584,1200,1800
24.06.2024 01:08:26.089,0.84591,0.84585,1200,1200
24.06.2024 01:08:26.592,0.84593,0.84584,1800,1800
24.06.2024 01:08:26.793,0.8459200000000001,0.84584,1200,1200
24.06.2024 01:08:27.146,0.84593,0.84584,1800,1800
24.06.2024 01:08:27.500,0.84593,0.84585,1200,1200
24.06.2024 01:08:27.703,0.8459200000000001,0.84584,1200,1200
24.06.2024 01:08:28.057,0.84591,0.84584,1200,1800
24.06.2024 01:08:33.298,0.84591,0.84583,1200,1800
24.06.2024 01:08:35.717,0.8459,0.84585,1200,1200
24.06.2024 01:08:36.070,0.8459,0.84584,1200,1800
24.06.2024 01:08:36.273,0.84591,0.84585,1200,1200
24.06.2024 01:08:36.476,0.84591,0.8458600000000001,1200,1200
24.06.2024 01:08:36.881,0.8459,0.84585,1200,1200
24.06.2024 01:08:36.932,0.84589,0.8458200000000001,1800,1800
24.06.2024 01:08:37.135,0.8459,0.8458200000000001,1200,1200
24.06.2024 01:08:39.403,0.8459,0.84583,1200,1200
24.06.2024 01:08:39.606,0.8459,0.8458200000000001,1200,1200
24.06.2024 01:08:41.417,0.84589,0.84584,1200,1200
24.06.2024 01:08:41.619,0.8459,0.8458200000000001,1200,1200
24.06.2024 01:08:44.268,0.8459,0.84583,1200,1200
24.06.2024 01:08:44.371,0.84588,0.84584,1200,1200
24.06.2024 01:08:44.573,0.84588,0.84583,1200,1800
24.06.2024 01:08:44.725,0.84589,0.84583,1200,1200
24.06.2024 01:08:44.826,0.84589,0.8458200000000001,1200,1800
24.06.2024 01:08:45.128,0.84589,0.84583,1200,1200
24.06.2024 01:08:46.638,0.84589,0.8458200000000001,1200,1800
24.06.2024 01:08:47.294,0.84589,0.84583,1200,1200
24.06.2024 01:08:47.497,0.84588,0.84583,1200,1800
24.06.2024 01:08:48.104,0.8459,0.8458200000000001,1800,1200
24.06.2024 01:08:48.256,0.84589,0.8458200000000001,1800,1800
24.06.2024 01:08:49.162,0.8459,0.8458200000000001,1200,1200
24.06.2024 01:08:49.365,0.8459,0.8458100000000001,1800,1800
24.06.2024 01:08:49.568,0.8459,0.8458200000000001,1200,1200
24.06.2024 01:08:49.871,0.84589,0.84584,1200,1200
24.06.2024 01:08:50.428,0.8459,0.8458200000000001,1200,1200
24.06.2024 01:08:50.631,0.8459,0.84583,1200,1200
24.06.2024 01:08:51.386,0.8459,0.8458200000000001,1200,1200
24.06.2024 01:08:51.538,0.84589,0.84584,1200,1200
24.06.2024 01:08:52.144,0.8459,0.8458200000000001,1200,1200
24.06.2024 01:08:52.348,0.8459,0.84583,1200,1200
24.06.2024 01:08:53.005,0.84589,0.84583,1200,1200
24.06.2024 01:08:53.765,0.8459,0.84583,1200,1200
24.06.2024 01:08:53.968,0.8459,0.8458200000000001,1200,1200
24.06.2024 01:08:55.228,0.84589,0.8458200000000001,1800,1800
24.06.2024 01:08:55.933,0.8459,0.8458200000000001,1200,1200
24.06.2024 01:08:56.236,0.8459,0.8458100000000001,1800,1800
24.06.2024 01:08:56.438,0.84589,0.84583,1200,1200
24.06.2024 01:08:56.690,0.84589,0.84584,1200,1200
24.06.2024 01:08:56.893,0.8459,0.8458200000000001,1200,1200
24.06.2024 01:08:57.550,0.84589,0.84584,1200,1200
24.06.2024 01:08:57.753,0.8459,0.8458200000000001,1200,1200
24.06.2024 01:08:58.508,0.8459,0.8458100000000001,1800,1800
24.06.2024 01:08:58.711,0.8459,0.8458200000000001,1200,1200
24.06.2024 01:08:59.166,0.8459,0.84583,1200,1200
24.06.2024 01:08:59.621,0.8459,0.8458200000000001,1200,1200
24.06.2024 01:09:00.074,0.8459,0.8458100000000001,1800,1800
24.06.2024 01:09:00.226,0.84589,0.84583,1200,1200
24.06.2024 01:09:00.580,0.8459,0.8458100000000001,1800,1800
24.06.2024 01:09:00.782,0.8459,0.8458200000000001,1200,1200
24.06.2024 01:09:00.985,0.8459,0.8458100000000001,1800,1800
24.06.2024 01:09:01.188,0.8459,0.8458200000000001,1200,1200
24.06.2024 01:09:02.294,0.8459,0.8458100000000001,1800,1800
24.06.2024 01:09:02.999,0.8459,0.8458200000000001,1200,1200
24.06.2024 01:09:03.201,0.8459,0.8458100000000001,1800,1800
24.06.2024 01:09:03.907,0.8459,0.8458200000000001,1200,1200
24.06.2024 01:09:04.109,0.8459,0.8458100000000001,1800,1800
24.06.2024 01:09:05.768,0.84589,0.8458100000000001,1200,1200
24.06.2024 01:09:05.970,0.8459,0.8458100000000001,1800,1800
24.06.2024 01:09:12.072,0.84588,0.8458,1200,1200
24.06.2024 01:09:12.174,0.84588,0.84579,1800,1570.0001
24.06.2024 01:09:14.952,0.8458600000000001,0.8458,1200,1200
24.06.2024 01:09:15.205,0.8458600000000001,0.84578,1200,1800
24.06.2024 01:09:16.767,0.8458700000000001,0.84578,1200,1200
24.06.2024 01:09:16.969,0.8458700000000001,0.8457700000000001,1200,1800
24.06.2024 01:09:17.222,0.8458700000000001,0.84578,1200,1200
24.06.2024 01:09:17.424,0.8458700000000001,0.8457700000000001,1200,1800
24.06.2024 01:09:18.030,0.8458700000000001,0.84578,1200,1200
24.06.2024 01:09:18.244,0.8458700000000001,0.8457700000000001,1200,1800
24.06.2024 01:09:19.504,0.8458700000000001,0.84578,1200,1200
24.06.2024 01:09:21.718,0.8458700000000001,0.84579,1200,1200
24.06.2024 01:09:23.228,0.8458700000000001,0.84578,1800,1800
24.06.2024 01:09:23.633,0.8458600000000001,0.84578,1200,1800
24.06.2024 01:09:23.785,0.8458600000000001,0.84579,1200,1200
24.06.2024 01:09:24.088,0.8458600000000001,0.8458,1200,1200
24.06.2024 01:09:25.548,0.8458600000000001,0.84579,1800,1800
24.06.2024 01:09:25.751,0.8458700000000001,0.84579,1200,1200
24.06.2024 01:09:26.205,0.8458700000000001,0.84578,1800,1800
24.06.2024 01:09:26.658,0.8458700000000001,0.84579,1200,1200
24.06.2024 01:09:27.364,0.8458700000000001,0.84578,1800,1800
24.06.2024 01:09:27.567,0.8458600000000001,0.84578,1800,1200
24.06.2024 01:09:30.188,0.8458600000000001,0.8457700000000001,1800,1800
24.06.2024 01:09:30.290,0.8458600000000001,0.84578,1200,1800
24.06.2024 01:09:30.494,0.8458600000000001,0.84579,1200,1200
24.06.2024 01:09:30.697,0.84585,0.84579,1200,1800
24.06.2024 01:09:31.000,0.8458600000000001,0.84579,1200,1200
24.06.2024 01:09:31.203,0.8458600000000001,0.8458,1200,1200
24.06.2024 01:09:31.557,0.84585,0.8458,1200,1200
24.06.2024 01:09:33.117,0.8458600000000001,0.84578,1200,1800
24.06.2024 01:09:33.320,0.8458600000000001,0.84579,1200,1200
24.06.2024 01:09:33.522,0.84585,0.84579,1200,1800
24.06.2024 01:09:33.624,0.8458700000000001,0.84578,1200,1800
24.06.2024 01:09:33.726,0.84588,0.8458,1800,1200
24.06.2024 01:09:33.929,0.84588,0.84579,2700,1200
24.06.2024 01:09:34.533,0.84588,0.8458,1800,1200
24.06.2024 01:09:34.735,0.84588,0.84579,2700,1200
24.06.2024 01:09:34.837,0.8458700000000001,0.84579,1200,1200
24.06.2024 01:09:37.151,0.8458600000000001,0.84579,1800,1800
24.06.2024 01:09:37.354,0.8458700000000001,0.84579,1200,1200
24.06.2024 01:09:38.008,0.8458700000000001,0.84578,1800,1800
24.06.2024 01:09:38.562,0.8458700000000001,0.84579,1200,1200
24.06.2024 01:09:39.619,0.8458700000000001,0.84578,1800,1800
24.06.2024 01:09:40.124,0.8458600000000001,0.8458,1200,1200
24.06.2024 01:09:40.326,0.8458700000000001,0.84578,1800,1800
24.06.2024 01:09:41.333,0.8458700000000001,0.84579,1200,1200
24.06.2024 01:09:44.450,0.8458700000000001,0.84578,1800,1200
24.06.2024 01:09:44.752,0.8458600000000001,0.84578,1200,1200
24.06.2024 01:09:44.956,0.8458700000000001,0.84579,1200,1200
24.06.2024 01:09:46.914,0.8458700000000001,0.8458,1200,1200
24.06.2024 01:09:48.771,0.8458700000000001,0.84579,1200,1200
24.06.2024 01:09:48.974,0.8458700000000001,0.84578,1800,1200
24.06.2024 01:09:49.177,0.8458700000000001,0.84579,1200,1800
24.06.2024 01:09:49.329,0.8458600000000001,0.8458100000000001,1200,1200
24.06.2024 01:09:49.582,0.8458700000000001,0.84579,1200,1800
24.06.2024 01:09:49.784,0.8458600000000001,0.8458100000000001,1200,1200
24.06.2024 01:09:50.388,0.8458600000000001,0.8458200000000001,1200,1200
24.06.2024 01:09:52.097,0.8458600000000001,0.8458100000000001,1200,1200
24.06.2024 01:09:52.300,0.8458700000000001,0.84579,1200,1800
24.06.2024 01:09:52.553,0.8458700000000001,0.84578,1800,1200
24.06.2024 01:09:52.706,0.8458700000000001,0.84579,1200,1200
24.06.2024 01:09:52.909,0.8458700000000001,0.84578,1800,1200
24.06.2024 01:09:53.112,0.8458700000000001,0.84579,1200,1200
24.06.2024 01:09:54.074,0.8458700000000001,0.84578,1200,1800
24.06.2024 01:09:56.951,0.8458700000000001,0.84579,1200,1200
24.06.2024 01:09:57.155,0.8458700000000001,0.84578,1200,2700
24.06.2024 01:09:58.162,0.8458600000000001,0.8458,1200,1200
24.06.2024 01:09:58.415,0.8458700000000001,0.84578,1200,2700
24.06.2024 01:09:59.019,0.8458700000000001,0.84579,1200,1200
24.06.2024 01:09:59.471,0.84588,0.84579,1800,1200
24.06.2024 01:10:00.177,0.84588,0.8458,2790,1200
24.06.2024 01:10:01.241,0.84588,0.8458100000000001,1800,1200
24.06.2024 01:10:01.953,0.8459,0.8458,1350,1800
24.06.2024 01:10:02.055,0.84588,0.8458100000000001,1200,1200
24.06.2024 01:10:02.157,0.84588,0.8458,1200,1570.0001
24.06.2024 01:10:07.357,0.8459,0.84579,2470,1800
24.06.2024 01:10:10.082,0.8459,0.8458100000000001,2700,1200
24.06.2024 01:10:10.285,0.84588,0.8458100000000001,1200,1200
24.06.2024 01:10:11.141,0.8459,0.8458100000000001,2700,1200
24.06.2024 01:10:11.343,0.84591,0.8458200000000001,4050.0002,1200
24.06.2024 01:10:11.547,0.8459,0.8458100000000001,1200,1200
24.06.2024 01:10:12.101,0.84589,0.8458,1200,2700
24.06.2024 01:10:12.304,0.8459,0.8458100000000001,1200,1200
24.06.2024 01:10:13.815,0.84591,0.8458200000000001,2700,1200
24.06.2024 01:10:14.018,0.8459,0.8458100000000001,1200,3819.9999
24.06.2024 01:10:14.424,0.8459,0.8458200000000001,1800,3819.9999
24.06.2024 01:10:14.526,0.84591,0.84583,1200,1200
24.06.2024 01:10:14.628,0.84593,0.84583,4270,3599.9999
24.06.2024 01:10:14.831,0.8459200000000001,0.84583,1200,2700
24.06.2024 01:10:15.033,0.84593,0.84583,3819.9999,3599.9999
24.06.2024 01:10:15.235,0.8459200000000001,0.84583,1200,2700
24.06.2024 01:10:15.336,0.8459200000000001,0.84584,1200,1800
24.06.2024 01:10:15.388,0.8459500000000001,0.8458700000000001,1350,1200
24.06.2024 01:10:15.490,0.8459500000000001,0.84588,1200,1800
24.06.2024 01:10:15.593,0.8459700000000001,0.84588,1800,1800
24.06.2024 01:10:15.796,0.8459500000000001,0.84588,1200,1800
24.06.2024 01:10:15.948,0.8459500000000001,0.8458700000000001,1200,1200
24.06.2024 01:10:16.051,0.8459500000000001,0.8458600000000001,1200,1800
24.06.2024 01:10:16.153,0.84594,0.8458600000000001,1800,1800
24.06.2024 01:10:18.821,0.8459500000000001,0.8458600000000001,1800,1200
24.06.2024 01:10:19.032,0.8459500000000001,0.84585,1200,2700
24.06.2024 01:10:19.236,0.8459500000000001,0.8458700000000001,1200,1200
24.06.2024 01:10:20.195,0.84594,0.8458700000000001,1200,1200
24.06.2024 01:10:21.512,0.84596,0.84588,1800,1200
24.06.2024 01:10:23.327,0.8459700000000001,0.84589,1800,1200
24.06.2024 01:10:24.236,0.84596,0.84589,1200,1200
24.06.2024 01:10:24.643,0.84596,0.8459,1800,1200
24.06.2024 01:10:26.757,0.84596,0.84589,1200,1200
24.06.2024 01:10:28.216,0.84594,0.84588,1800,1800
24.06.2024 01:10:30.184,0.84594,0.8458700000000001,1200,1200
24.06.2024 01:10:48.860,0.8459200000000001,0.8458600000000001,1200,1200
24.06.2024 01:10:49.315,0.8459200000000001,0.84585,1200,1800
24.06.2024 01:10:50.272,0.84591,0.8458700000000001,1200,1200
24.06.2024 01:10:51.831,0.8459200000000001,0.84585,1200,1800
24.06.2024 01:11:01.714,0.8459200000000001,0.8458600000000001,1200,1200
24.06.2024 01:11:06.848,0.84593,0.8458600000000001,1200,1200
24.06.2024 01:11:07.051,0.84593,0.84585,1200,1800
24.06.2024 01:11:08.258,0.84593,0.8458600000000001,1200,1200
24.06.2024 01:11:08.510,0.84593,0.84585,1200,1800
24.06.2024 01:11:08.915,0.84593,0.8458600000000001,1800,1200
24.06.2024 01:11:09.119,0.84593,0.84585,1800,1800
24.06.2024 01:11:12.647,0.84593,0.8458600000000001,1800,1200
24.06.2024 01:11:12.849,0.8459200000000001,0.8458600000000001,1800,1800
24.06.2024 01:11:14.259,0.84591,0.8458600000000001,1200,1200
24.06.2024 01:11:14.461,0.84593,0.84585,2700,1200
24.06.2024 01:11:15.066,0.84591,0.84585,1200,1200
24.06.2024 01:11:19.604,0.8459200000000001,0.84585,1800,1200
24.06.2024 01:11:19.656,0.8459,0.84584,1200,2700
24.06.2024 01:11:19.808,0.84591,0.84584,1200,1200
24.06.2024 01:11:20.011,0.8459,0.84584,1200,2700
24.06.2024 01:11:20.819,0.84591,0.84584,1200,1200
24.06.2024 01:11:21.073,0.8459200000000001,0.84584,1800,1200
24.06.2024 01:11:23.292,0.8459200000000001,0.84585,1800,1200
24.06.2024 01:11:23.494,0.8459200000000001,0.84584,1800,1200
24.06.2024 01:11:23.697,0.84591,0.8458600000000001,1800,1200
24.06.2024 01:11:24.101,0.8459200000000001,0.84584,1800,1200
24.06.2024 01:11:24.505,0.84591,0.84583,1200,1800
24.06.2024 01:11:24.709,0.84591,0.84584,1200,1200
24.06.2024 01:11:26.671,0.84591,0.84583,1200,1800
24.06.2024 01:11:26.843,0.84591,0.84584,1200,1200
24.06.2024 01:11:27.499,0.84591,0.84583,1200,1800
24.06.2024 01:11:27.701,0.8459,0.84585,1200,1200
24.06.2024 01:11:28.207,0.84591,0.84583,1200,1800
24.06.2024 01:11:28.409,0.84591,0.84584,1200,1200
24.06.2024 01:11:29.619,0.84591,0.84583,1200,1800
24.06.2024 01:11:29.822,0.84591,0.84584,1200,1200
24.06.2024 01:11:30.023,0.84591,0.84583,1200,1800
24.06.2024 01:11:30.275,0.84591,0.84584,1200,1200
24.06.2024 01:11:30.628,0.84591,0.84583,1200,1800
24.06.2024 01:11:30.830,0.8459,0.84585,1200,1200
24.06.2024 01:11:36.314,0.84591,0.84585,1200,1200
24.06.2024 01:11:36.466,0.8459,0.84585,1200,1200
24.06.2024 01:11:37.875,0.84591,0.84583,1200,2700
24.06.2024 01:11:38.077,0.84591,0.84584,1200,1200
24.06.2024 01:11:38.279,0.84591,0.84585,1200,1200
24.06.2024 01:11:38.532,0.84591,0.84584,1200,1200
24.06.2024 01:11:38.735,0.8459,0.84584,1200,2700
24.06.2024 01:11:38.936,0.8459,0.84585,1200,1200
24.06.2024 01:11:39.139,0.84591,0.84583,1200,2700
24.06.2024 01:11:39.342,0.84591,0.84584,1200,1200
24.06.2024 01:11:40.748,0.84591,0.84585,1200,1200
24.06.2024 01:11:40.900,0.8459200000000001,0.84585,1200,1800
24.06.2024 01:11:41.761,0.8459200000000001,0.8458600000000001,1200,1200
24.06.2024 01:11:41.962,0.8459200000000001,0.84585,1200,1800
24.06.2024 01:11:42.164,0.84591,0.8458700000000001,1200,1200
24.06.2024 01:11:42.518,0.8459200000000001,0.84585,1200,1800
24.06.2024 01:11:43.173,0.84591,0.8458700000000001,1200,1200
24.06.2024 01:11:43.376,0.8459200000000001,0.84585,1200,1800
24.06.2024 01:11:43.579,0.8459200000000001,0.8458600000000001,1200,1200
24.06.2024 01:11:43.782,0.84591,0.8458600000000001,1200,1800
24.06.2024 01:11:44.085,0.8459200000000001,0.8458600000000001,1200,1200
24.06.2024 01:11:44.288,0.8459200000000001,0.84585,1200,1800
24.06.2024 01:11:47.370,0.84591,0.8458700000000001,1200,1200
24.06.2024 01:11:47.573,0.8459200000000001,0.84585,1200,1800
24.06.2024 01:11:47.927,0.8459200000000001,0.8458600000000001,1200,1200
24.06.2024 01:11:48.130,0.84591,0.8458600000000001,1200,1800
24.06.2024 01:11:48.785,0.8459200000000001,0.8458600000000001,1200,1200
24.06.2024 01:11:48.988,0.8459200000000001,0.84585,1200,1800
24.06.2024 01:11:49.544,0.84591,0.84584,1200,1200
24.06.2024 01:11:49.848,0.84591,0.84583,1200,2020
24.06.2024 01:11:50.050,0.84591,0.84584,1200,1200
24.06.2024 01:11:50.252,0.84591,0.84585,1200,1200
24.06.2024 01:11:50.453,0.84591,0.84584,1200,1200
24.06.2024 01:11:51.111,0.84591,0.84583,1200,1800
24.06.2024 01:11:53.024,0.84591,0.84584,1200,1200
24.06.2024 01:11:53.227,0.84591,0.84583,1200,1200
24.06.2024 01:11:54.032,0.84591,0.84584,1200,1200
24.06.2024 01:11:54.234,0.84591,0.84583,1200,1200
24.06.2024 01:11:57.556,0.84591,0.8458200000000001,1200,2020
24.06.2024 01:11:57.607,0.84588,0.84583,1200,1120
24.06.2024 01:11:57.760,0.84589,0.84583,1200,1200
24.06.2024 01:11:58.165,0.84589,0.8458200000000001,1200,1200
24.06.2024 01:11:58.773,0.84588,0.84584,1200,1200
24.06.2024 01:12:00.079,0.84589,0.8458200000000001,1200,1200
24.06.2024 01:12:00.332,0.84589,0.84583,1200,1200
24.06.2024 01:12:00.534,0.84588,0.84583,1200,1200
24.06.2024 01:12:00.736,0.84589,0.8458,1800,2470
24.06.2024 01:12:00.788,0.8458700000000001,0.8458,1200,1200
24.06.2024 01:12:00.969,0.8458700000000001,0.84578,1800,1200
24.06.2024 01:12:01.122,0.8458700000000001,0.84579,1200,1200
24.06.2024 01:12:01.225,0.8458600000000001,0.84579,1200,1200
24.06.2024 01:12:01.327,0.84585,0.84579,1200,1200
24.06.2024 01:12:01.736,0.8458600000000001,0.84579,1200,1200
24.06.2024 01:12:01.938,0.8458600000000001,0.84578,1200,1200
24.06.2024 01:12:02.090,0.8458600000000001,0.8457700000000001,1200,1120
24.06.2024 01:12:05.468,0.8458600000000001,0.84578,1200,1200
24.06.2024 01:12:08.490,0.8458600000000001,0.8457700000000001,1200,1120
24.06.2024 01:12:10.102,0.8458600000000001,0.84578,1200,1200
24.06.2024 01:12:10.605,0.8458600000000001,0.8457700000000001,1200,2020
24.06.2024 01:12:10.807,0.8458600000000001,0.84579,1200,1200
24.06.2024 01:12:12.264,0.84585,0.84579,1200,1200
24.06.2024 01:12:12.466,0.8458600000000001,0.84579,1200,1200
24.06.2024 01:12:12.667,0.8458600000000001,0.84578,1200,1200
24.06.2024 01:12:12.869,0.8458600000000001,0.84579,1200,1200
24.06.2024 01:12:13.071,0.8458600000000001,0.84578,1200,1200
24.06.2024 01:12:13.273,0.84585,0.8458,1200,1200
24.06.2024 01:12:14.527,0.8458600000000001,0.84578,1200,1200
24.06.2024 01:12:14.730,0.8458600000000001,0.84579,1200,1200
24.06.2024 01:12:15.585,0.8458600000000001,0.84578,1200,1200
24.06.2024 01:12:15.837,0.8458600000000001,0.84579,1200,1200
24.06.2024 01:12:16.543,0.8458600000000001,0.84578,1200,1200
24.06.2024 01:12:16.998,0.8458600000000001,0.84579,1200,1200
24.06.2024 01:12:17.351,0.8458600000000001,0.84578,1200,1200
24.06.2024 01:12:17.555,0.8458600000000001,0.8457700000000001,1800,2020
24.06.2024 01:12:17.758,0.8458600000000001,0.84578,1200,1200
24.06.2024 01:12:17.960,0.8458600000000001,0.84579,1200,1200
24.06.2024 01:12:18.163,0.84585,0.84579,1200,1200
24.06.2024 01:12:18.265,0.8458600000000001,0.84579,1800,1200
24.06.2024 01:12:18.367,0.8458700000000001,0.8458,1200,1200
24.06.2024 01:12:18.923,0.8458600000000001,0.8458,1200,1200
24.06.2024 01:12:19.028,0.84588,0.84579,1800,1200
24.06.2024 01:12:19.131,0.84588,0.8458,1200,1200
24.06.2024 01:12:19.284,0.84588,0.84579,1200,1200
24.06.2024 01:12:19.739,0.84588,0.8458,1200,1200
24.06.2024 01:12:20.444,0.8458700000000001,0.84579,1200,1200
24.06.2024 01:12:21.807,0.8458600000000001,0.8458100000000001,1200,1200
24.06.2024 01:12:22.011,0.8458700000000001,0.84579,1200,1200
24.06.2024 01:12:22.718,0.8458700000000001,0.84578,1200,1800
24.06.2024 01:12:22.920,0.8458600000000001,0.8458,1200,1200
24.06.2024 01:12:24.787,0.8458700000000001,0.8458,1200,1200
24.06.2024 01:12:24.995,0.8458700000000001,0.84579,1200,1200
24.06.2024 01:12:25.147,0.8458600000000001,0.84579,1200,1200
24.06.2024 01:12:25.250,0.8458600000000001,0.84578,1200,1200
24.06.2024 01:12:25.351,0.8458600000000001,0.8457700000000001,1200,1120
24.06.2024 01:12:25.453,0.84585,0.8457700000000001,1200,1120
24.06.2024 01:12:31.341,0.84584,0.84579,1200,1200
24.06.2024 01:12:31.543,0.84585,0.8457700000000001,1200,2020
24.06.2024 01:12:31.979,0.8458600000000001,0.84578,1200,1200
24.06.2024 01:12:32.183,0.84584,0.8457700000000001,1200,2099.9999
24.06.2024 01:12:36.056,0.8458600000000001,0.84578,1200,1200
