Gmt time,Ask,Bid,AskVolume,BidVolume
24.06.2024 00:00:00.124,8.34233,8.34083,600,600
24.06.2024 00:00:00.276,8.34234,8.34083,600,600
24.06.2024 00:00:01.379,8.34242,8.34099,600,600
24.06.2024 00:00:02.334,8.342410000000001,8.34092,600,600
24.06.2024 00:00:03.688,8.34247,8.341000000000001,600,600
24.06.2024 00:00:04.842,8.34252,8.34099,600,600
24.06.2024 00:00:05.846,8.34246,8.34098,600,600
24.06.2024 00:00:08.805,8.34247,8.34099,600,600
24.06.2024 00:00:10.060,8.34237,8.340910000000001,600,600
24.06.2024 00:00:12.824,8.342310000000001,8.340910000000001,600,600
24.06.2024 00:00:12.925,8.342260000000001,8.340910000000001,600,600
24.06.2024 00:00:12.976,8.342080000000001,8.34063,600,600
24.06.2024 00:00:13.378,8.34209,8.34059,600,600
24.06.2024 00:00:14.130,8.342080000000001,8.340610000000002,600,600
24.06.2024 00:00:21.149,8.34217,8.340760000000001,600,600
24.06.2024 00:00:22.453,8.342080000000001,8.34069,600,600
24.06.2024 00:00:24.109,8.342,8.34055,600,600
24.06.2024 00:00:25.212,8.342039999999999,8.34063,600,600
24.06.2024 00:00:31.146,8.34196,8.34055,600,600
24.06.2024 00:00:32.652,8.341980000000001,8.3405,600,600
24.06.2024 00:00:33.958,8.342060000000002,8.340560000000002,600,600
24.06.2024 00:00:34.961,8.342030000000001,8.34064,600,600
24.06.2024 00:00:36.264,8.342039999999999,8.34055,600,600
24.06.2024 00:00:37.466,8.34205,8.34047,600,600
24.06.2024 00:00:38.671,8.342039999999999,8.340489999999999,600,600
24.06.2024 00:00:39.724,8.342039999999999,8.340560000000002,600,600
24.06.2024 00:00:40.879,8.342110000000002,8.340560000000002,600,600
24.06.2024 00:00:42.234,8.342110000000002,8.34064,600,600
24.06.2024 00:00:43.839,8.342060000000002,8.34064,600,600
24.06.2024 00:00:44.491,8.34196,8.34055,600,600
24.06.2024 00:00:48.554,8.342030000000001,8.34064,600,600
24.06.2024 00:00:50.861,8.3422,8.34074,600,600
24.06.2024 00:00:51.213,8.34222,8.34074,600,600
24.06.2024 00:00:51.965,8.3422,8.34062,600,600
24.06.2024 00:00:52.467,8.3422,8.34064,600,600
24.06.2024 00:00:53.320,8.342130000000001,8.34063,600,600
24.06.2024 00:00:53.472,8.34212,8.34062,600,600
24.06.2024 00:00:53.522,8.34189,8.34042,600,600
24.06.2024 00:00:53.624,8.34159,8.34045,600,600
24.06.2024 00:00:53.674,8.34158,8.34002,600,600
24.06.2024 00:00:53.876,8.3415,8.34,600,600
24.06.2024 00:00:53.977,8.34155,8.34,600,600
24.06.2024 00:00:54.078,8.34158,8.34,600,600
24.06.2024 00:00:54.680,8.341660000000001,8.3401,600,600
24.06.2024 00:00:55.683,8.34163,8.340150000000001,600,600
24.06.2024 00:00:56.686,8.34159,8.340150000000001,600,600
24.06.2024 00:00:56.737,8.34155,8.34007,600,600
24.06.2024 00:00:59.093,8.34163,8.34,600,600
24.06.2024 00:00:59.996,8.3416,8.34,600,600
24.06.2024 00:01:00.448,8.34158,8.3401,600,600
24.06.2024 00:01:03.114,8.34155,8.34018,600,600
24.06.2024 00:01:04.368,8.34153,8.340060000000001,600,600
24.06.2024 00:01:05.522,8.341610000000001,8.3401,600,600
24.06.2024 00:01:06.827,8.34155,8.34018,600,600
24.06.2024 00:01:07.380,8.34154,8.34018,600,600
24.06.2024 00:01:07.483,8.341410000000002,8.33989,600,600
24.06.2024 00:01:07.586,8.341380000000001,8.3398,600,600
24.06.2024 00:01:07.687,8.341330000000001,8.3398,600,600
24.06.2024 00:01:07.788,8.34126,8.33979,600,600
24.06.2024 00:01:08.742,8.34116,8.33979,600,600
24.06.2024 00:01:10.046,8.34108,8.33961,600,600
24.06.2024 00:01:11.100,8.34107,8.33953,600,600
24.06.2024 00:01:11.151,8.34107,8.33956,600,600
24.06.2024 00:01:13.107,8.34115,8.33961,600,600
24.06.2024 00:01:14.161,8.3412,8.33966,600,600
24.06.2024 00:01:15.263,8.341180000000001,8.339680000000001,600,600
24.06.2024 00:01:16.367,8.3412,8.33969,600,600
24.06.2024 00:01:17.421,8.341280000000001,8.33969,900,600
24.06.2024 00:01:18.524,8.34117,8.339780000000001,600,600
24.06.2024 00:01:22.937,8.341239999999999,8.33979,600,600
24.06.2024 00:01:29.456,8.34116,8.33979,600,600
24.06.2024 00:01:30.559,8.3412,8.3397,600,600
24.06.2024 00:01:31.612,8.34125,8.339780000000001,600,600
24.06.2024 00:01:32.665,8.34116,8.33979,600,600
24.06.2024 00:01:35.172,8.34119,8.33967,600,600
24.06.2024 00:01:36.552,8.34117,8.3397,600,600
24.06.2024 00:01:38.058,8.341239999999999,8.3397,600,600
24.06.2024 00:01:39.513,8.34119,8.33965,600,900
24.06.2024 00:01:40.416,8.34119,8.33969,600,600
24.06.2024 00:01:40.818,8.3412,8.339730000000001,600,600
24.06.2024 00:01:41.470,8.3412,8.339739999999999,600,600
24.06.2024 00:01:41.822,8.34121,8.339780000000001,600,600
24.06.2024 00:01:41.923,8.34127,8.33979,600,600
24.06.2024 00:01:42.024,8.34127,8.339739999999999,600,900
24.06.2024 00:01:42.826,8.341280000000001,8.33972,600,600
24.06.2024 00:01:43.027,8.341280000000001,8.339739999999999,600,600
24.06.2024 00:01:44.083,8.341310000000002,8.339760000000002,600,600
24.06.2024 00:01:45.386,8.341239999999999,8.339760000000002,600,600
24.06.2024 00:01:48.444,8.34125,8.33977,600,600
24.06.2024 00:01:50.701,8.34127,8.33977,600,600
24.06.2024 00:01:52.155,8.341280000000001,8.339780000000001,600,600
24.06.2024 00:01:53.207,8.341280000000001,8.33984,600,600
24.06.2024 00:01:53.613,8.34135,8.339860000000002,600,600
24.06.2024 00:01:53.964,8.341360000000002,8.339860000000002,900,600
24.06.2024 00:01:54.265,8.34135,8.339860000000002,600,600
24.06.2024 00:01:54.867,8.3413,8.33975,600,600
24.06.2024 00:01:55.869,8.341310000000002,8.33975,600,600
24.06.2024 00:01:56.020,8.34132,8.339780000000001,600,600
24.06.2024 00:01:57.123,8.341280000000001,8.33977,600,600
24.06.2024 00:01:57.676,8.341280000000001,8.33982,600,600
24.06.2024 00:01:57.777,8.341289999999999,8.339760000000002,600,600
24.06.2024 00:01:57.878,8.341050000000001,8.339680000000001,600,600
24.06.2024 00:01:57.980,8.341050000000001,8.339580000000002,600,600
24.06.2024 00:01:58.481,8.341050000000001,8.33954,600,600
24.06.2024 00:01:58.532,8.341050000000001,8.339630000000001,600,1800
24.06.2024 00:01:58.983,8.34112,8.339630000000001,1350,1800
24.06.2024 00:01:59.435,8.34112,8.33964,1800,600
24.06.2024 00:01:59.987,8.34112,8.33972,1800,600
24.06.2024 00:02:01.141,8.34108,8.33964,600,900
24.06.2024 00:02:02.295,8.34109,8.33965,600,600
24.06.2024 00:02:04.001,8.3411,8.33962,600,1800
24.06.2024 00:02:06.810,8.341050000000001,8.33971,600,600
24.06.2024 00:02:10.221,8.341050000000001,8.33964,600,600
24.06.2024 00:02:11.382,8.34104,8.339630000000001,600,600
24.06.2024 00:02:13.903,8.34111,8.33967,600,600
24.06.2024 00:02:14.255,8.34111,8.33971,600,1350
24.06.2024 00:02:14.907,8.3412,8.33971,1800,1350
24.06.2024 00:02:16.062,8.34121,8.33977,1800,600
24.06.2024 00:02:21.433,8.3412,8.33987,1800,600
24.06.2024 00:02:22.588,8.3412,8.339780000000001,1800,600
24.06.2024 00:02:23.090,8.34121,8.33982,1800,600
24.06.2024 00:02:23.642,8.3412,8.33985,1800,600
24.06.2024 00:02:24.896,8.3412,8.33977,1800,600
24.06.2024 00:02:25.998,8.3412,8.339780000000001,1800,600
24.06.2024 00:02:29.007,8.34122,8.339780000000001,1800,600
24.06.2024 00:02:33.220,8.3412,8.33977,600,600
24.06.2024 00:02:36.930,8.34119,8.33977,600,600
24.06.2024 00:02:38.235,8.34116,8.33977,600,600
24.06.2024 00:02:38.336,8.341130000000001,8.339760000000002,600,600
24.06.2024 00:02:38.437,8.34112,8.339630000000001,600,1800
24.06.2024 00:02:38.488,8.34107,8.3396,1350,600
24.06.2024 00:02:38.639,8.34082,8.33947,1800,600
24.06.2024 00:02:38.740,8.34082,8.33937,1800,600
24.06.2024 00:02:38.841,8.3405,8.33932,600,600
24.06.2024 00:02:38.891,8.340489999999999,8.339060000000002,600,600
24.06.2024 00:02:39.845,8.340489999999999,8.33904,600,600
24.06.2024 00:02:40.949,8.3405,8.33907,600,600
24.06.2024 00:02:45.810,8.340510000000002,8.33917,600,600
24.06.2024 00:02:50.672,8.340430000000001,8.33904,600,1800
24.06.2024 00:02:50.723,8.340430000000001,8.339010000000002,600,600
24.06.2024 00:02:53.078,8.340430000000001,8.33909,600,600
24.06.2024 00:02:54.232,8.340380000000001,8.33909,1800,600
24.06.2024 00:02:54.334,8.34035,8.339010000000002,600,600
24.06.2024 00:02:56.790,8.34035,8.338930000000001,600,600
24.06.2024 00:02:59.245,8.34036,8.339,600,600
24.06.2024 00:03:03.205,8.340380000000001,8.33909,1800,600
24.06.2024 00:03:05.309,8.34035,8.339010000000002,600,600
24.06.2024 00:03:15.484,8.34039,8.33909,1800,600
24.06.2024 00:03:16.938,8.34039,8.339010000000002,1800,600
24.06.2024 00:03:19.519,8.34035,8.339010000000002,600,600
24.06.2024 00:03:23.979,8.34027,8.339010000000002,1800,600
24.06.2024 00:03:24.082,8.340300000000001,8.339010000000002,600,600
24.06.2024 00:03:24.133,8.34035,8.339010000000002,600,600
24.06.2024 00:03:24.988,8.34027,8.338930000000001,600,600
24.06.2024 00:03:27.094,8.34028,8.339010000000002,1800,600
24.06.2024 00:03:29.349,8.34035,8.339010000000002,600,600
24.06.2024 00:03:33.661,8.3404,8.338880000000001,1800,600
24.06.2024 00:03:35.014,8.34039,8.33891,2250,600
24.06.2024 00:03:36.267,8.34039,8.33892,2250,600
24.06.2024 00:03:37.321,8.34039,8.338989999999999,1800,600
24.06.2024 00:03:38.324,8.3404,8.339080000000001,1800,600
24.06.2024 00:03:40.028,8.34035,8.339010000000002,600,600
24.06.2024 00:03:43.436,8.340300000000001,8.339,1350,600
24.06.2024 00:03:43.588,8.34012,8.338700000000001,600,600
24.06.2024 00:03:43.638,8.34003,8.338700000000001,1800,600
24.06.2024 00:03:43.790,8.34,8.338700000000001,1800,600
24.06.2024 00:03:45.997,8.34,8.33859,1800,600
24.06.2024 00:03:46.600,8.34004,8.33858,1800,600
24.06.2024 00:03:48.607,8.340010000000001,8.338560000000001,600,600
24.06.2024 00:03:49.209,8.340010000000001,8.338610000000001,600,1800
24.06.2024 00:03:49.661,8.34009,8.33864,600,600
24.06.2024 00:03:51.516,8.34007,8.3386,600,1800
24.06.2024 00:03:52.118,8.340060000000001,8.338650000000001,600,600
24.06.2024 00:03:52.620,8.34017,8.338650000000001,600,600
24.06.2024 00:03:52.721,8.340160000000001,8.338650000000001,600,600
24.06.2024 00:03:53.624,8.34009,8.33857,600,600
24.06.2024 00:03:55.932,8.34012,8.33866,600,600
24.06.2024 00:03:57.436,8.34012,8.33878,900,600
24.06.2024 00:03:58.594,8.34004,8.338700000000001,600,600
24.06.2024 00:04:01.655,8.340160000000001,8.339010000000002,600,600
24.06.2024 00:04:01.708,8.34035,8.339010000000002,600,600
24.06.2024 00:04:02.711,8.34027,8.338930000000001,600,600
24.06.2024 00:04:05.067,8.34027,8.33885,600,600
24.06.2024 00:04:06.671,8.34027,8.338880000000001,600,600
24.06.2024 00:04:07.724,8.34036,8.339,600,600
24.06.2024 00:04:08.776,8.34036,8.3389,1800,600
24.06.2024 00:04:09.980,8.34035,8.339010000000002,600,600
24.06.2024 00:04:11.085,8.340430000000001,8.33909,600,600
24.06.2024 00:04:17.902,8.340510000000002,8.33917,600,600
24.06.2024 00:04:21.108,8.34055,8.33902,600,600
24.06.2024 00:04:22.312,8.340539999999999,8.33904,600,600
24.06.2024 00:04:23.414,8.340510000000002,8.33917,600,600
24.06.2024 00:04:26.023,8.340710000000001,8.33913,4050.0002,600
24.06.2024 00:04:27.676,8.340660000000002,8.33924,600,600
24.06.2024 00:04:28.128,8.34063,8.33924,3150.0001,600
24.06.2024 00:04:28.229,8.340430000000001,8.339010000000002,600,600
24.06.2024 00:04:29.334,8.340480000000001,8.33896,600,600
24.06.2024 00:04:30.437,8.340489999999999,8.339030000000001,1800,600
24.06.2024 00:04:31.641,8.34047,8.33895,600,600
24.06.2024 00:04:32.545,8.34046,8.33895,1800,600
24.06.2024 00:04:33.047,8.34047,8.338930000000001,2250,600
24.06.2024 00:04:34.101,8.34046,8.33895,1800,600
24.06.2024 00:04:35.103,8.34046,8.33896,1800,600
24.06.2024 00:04:36.608,8.34046,8.33894,2250,600
24.06.2024 00:04:38.784,8.34045,8.338930000000001,600,2250
24.06.2024 00:04:39.888,8.34046,8.33894,2250,600
24.06.2024 00:04:43.099,8.340380000000001,8.33894,1800,600
24.06.2024 00:04:43.201,8.340300000000001,8.33896,600,600
24.06.2024 00:04:44.255,8.34028,8.33896,1800,600
24.06.2024 00:04:46.415,8.34028,8.33882,1800,600
24.06.2024 00:04:49.227,8.34024,8.3388,600,600
24.06.2024 00:04:50.582,8.34028,8.33886,1800,600
24.06.2024 00:04:51.684,8.34028,8.33896,1800,600
24.06.2024 00:04:54.038,8.34028,8.33886,1800,600
24.06.2024 00:04:55.292,8.34028,8.33896,1800,600
24.06.2024 00:04:56.344,8.34028,8.33886,1800,600
24.06.2024 00:04:58.602,8.34028,8.33896,1800,600
24.06.2024 00:04:59.704,8.34029,8.33877,1800,600
24.06.2024 00:05:01.710,8.340200000000001,8.33878,1800,600
24.06.2024 00:05:02.262,8.340150000000001,8.33881,600,600
24.06.2024 00:05:06.423,8.340200000000001,8.338880000000001,1800,600
24.06.2024 00:05:07.677,8.340200000000001,8.33874,1800,600
24.06.2024 00:05:11.685,8.34022,8.33874,1800,600
24.06.2024 00:05:13.642,8.34023,8.33871,1800,600
24.06.2024 00:05:14.144,8.34018,8.33872,600,600
24.06.2024 00:05:14.245,8.34022,8.33872,1800,600
24.06.2024 00:05:14.646,8.340160000000001,8.3388,600,600
24.06.2024 00:05:16.051,8.340200000000001,8.33871,600,600
24.06.2024 00:05:16.452,8.34023,8.33871,1800,600
24.06.2024 00:05:18.608,8.34022,8.338880000000001,2250,600
24.06.2024 00:05:19.746,8.34022,8.33881,1800,600
24.06.2024 00:05:21.754,8.34021,8.33881,1800,600
24.06.2024 00:05:27.471,8.340160000000001,8.33873,600,600
24.06.2024 00:05:32.187,8.34017,8.3388,600,600
24.06.2024 00:05:34.293,8.34021,8.338700000000001,2250,600
24.06.2024 00:05:35.647,8.340200000000001,8.338700000000001,600,600
24.06.2024 00:05:39.359,8.340150000000001,8.338700000000001,1800,600
24.06.2024 00:05:40.113,8.340150000000001,8.33881,1800,600
24.06.2024 00:05:40.815,8.340160000000001,8.33881,600,600
24.06.2024 00:05:41.667,8.340250000000001,8.3388,2250,600
24.06.2024 00:05:42.721,8.34024,8.33872,1800,600
24.06.2024 00:05:42.771,8.34026,8.33884,600,600
24.06.2024 00:05:42.822,8.3405,8.33904,1800,600
24.06.2024 00:05:43.226,8.34042,8.339030000000001,1800,600
24.06.2024 00:05:43.828,8.34046,8.33904,600,600
24.06.2024 00:05:43.879,8.34036,8.33904,1350,600
24.06.2024 00:05:44.532,8.34032,8.33897,600,600
24.06.2024 00:05:48.190,8.34032,8.33889,600,2250
24.06.2024 00:05:48.742,8.34026,8.33889,1800,600
24.06.2024 00:05:49.195,8.340160000000001,8.33881,600,600
24.06.2024 00:05:50.297,8.34024,8.33881,600,600
24.06.2024 00:05:51.901,8.340250000000001,8.338880000000001,600,600
24.06.2024 00:05:55.062,8.340330000000002,8.33912,1800,600
24.06.2024 00:05:55.113,8.34044,8.339110000000002,600,600
24.06.2024 00:05:55.214,8.340480000000001,8.339110000000002,600,600
24.06.2024 00:05:59.224,8.340610000000002,8.33928,1800,600
24.06.2024 00:06:06.000,8.34064,8.33927,600,600
24.06.2024 00:06:12.317,8.34055,8.3392,600,600
24.06.2024 00:06:21.387,8.34063,8.3392,600,600
24.06.2024 00:06:22.789,8.34063,8.33928,600,600
24.06.2024 00:06:28.705,8.340560000000002,8.33919,600,600
24.06.2024 00:06:53.934,8.34063,8.3392,600,600
24.06.2024 00:06:55.188,8.34063,8.33928,600,600
24.06.2024 00:07:01.403,8.34063,8.3392,600,600
24.06.2024 00:07:06.466,8.34055,8.3392,600,600
24.06.2024 00:07:11.827,8.340539999999999,8.3392,1350,600
24.06.2024 00:07:11.930,8.340480000000001,8.3392,600,600
24.06.2024 00:07:12.432,8.34047,8.33912,600,600
24.06.2024 00:07:16.198,8.34041,8.33912,1350,600
24.06.2024 00:07:16.249,8.34024,8.33892,600,600
24.06.2024 00:07:16.350,8.34024,8.33889,1800,600
24.06.2024 00:07:17.553,8.34017,8.3388,600,600
24.06.2024 00:07:18.858,8.340250000000001,8.3388,600,600
24.06.2024 00:07:19.008,8.34023,8.33881,600,600
24.06.2024 00:07:19.210,8.34024,8.33881,600,600
24.06.2024 00:07:20.112,8.340160000000001,8.33881,600,600
24.06.2024 00:07:29.261,8.34017,8.33881,600,600
24.06.2024 00:07:32.624,8.340160000000001,8.33874,600,600
24.06.2024 00:07:33.680,8.340200000000001,8.33877,600,600
24.06.2024 00:07:38.091,8.34012,8.33877,600,600
24.06.2024 00:07:40.299,8.340200000000001,8.33885,600,600
24.06.2024 00:08:16.470,8.340200000000001,8.33887,600,1800
24.06.2024 00:08:17.323,8.34028,8.338930000000001,600,600
24.06.2024 00:08:28.951,8.34028,8.338989999999999,600,1350
24.06.2024 00:08:29.955,8.340510000000002,8.339160000000001,900,600
24.06.2024 00:08:45.393,8.34059,8.33924,600,600
24.06.2024 00:08:58.927,8.34067,8.33932,600,600
24.06.2024 00:09:06.096,8.340760000000001,8.33939,600,600
24.06.2024 00:09:07.236,8.340770000000001,8.339630000000001,600,600
24.06.2024 00:09:07.287,8.34097,8.339630000000001,1800,600
24.06.2024 00:09:08.190,8.34098,8.339630000000001,600,600
24.06.2024 00:09:08.291,8.34107,8.3397,600,600
24.06.2024 00:09:09.393,8.34098,8.339630000000001,600,600
24.06.2024 00:09:10.797,8.34103,8.33957,600,1800
24.06.2024 00:09:11.098,8.34097,8.339550000000001,1800,600
24.06.2024 00:09:11.950,8.340910000000001,8.33956,600,600
24.06.2024 00:09:25.291,8.34098,8.339630000000001,600,600
24.06.2024 00:09:26.595,8.34099,8.33956,600,600
24.06.2024 00:09:27.598,8.34092,8.339550000000001,600,600
24.06.2024 00:09:30.104,8.34098,8.339630000000001,600,600
24.06.2024 00:09:31.206,8.34099,8.33964,600,600
24.06.2024 00:09:38.875,8.34092,8.33957,600,600
24.06.2024 00:09:46.644,8.341000000000001,8.33957,600,600
24.06.2024 00:09:47.997,8.34099,8.33964,600,600
24.06.2024 00:10:01.921,8.34093,8.33956,600,600
24.06.2024 00:10:03.026,8.34099,8.33964,600,600
24.06.2024 00:10:09.496,8.34099,8.339630000000001,600,600
24.06.2024 00:10:10.499,8.34085,8.33948,600,600
24.06.2024 00:10:11.854,8.34092,8.33957,600,600
24.06.2024 00:10:16.328,8.34092,8.33949,600,600
24.06.2024 00:10:30.365,8.34092,8.33951,600,1800
24.06.2024 00:10:30.767,8.341000000000001,8.33957,600,600
24.06.2024 00:10:31.920,8.341000000000001,8.339630000000001,600,600
24.06.2024 00:10:35.627,8.341000000000001,8.33957,600,600
24.06.2024 00:10:37.933,8.34099,8.33964,600,600
24.06.2024 00:10:41.091,8.341000000000001,8.33957,600,600
24.06.2024 00:10:53.608,8.34092,8.33957,600,600
24.06.2024 00:11:00.833,8.34092,8.33959,600,1800
24.06.2024 00:11:01.385,8.34107,8.33964,600,600
24.06.2024 00:11:06.699,8.34107,8.33967,600,1800
24.06.2024 00:11:06.800,8.34115,8.33972,600,600
24.06.2024 00:11:07.103,8.34115,8.33977,600,1800
24.06.2024 00:11:07.606,8.34115,8.339810000000002,600,600
24.06.2024 00:11:07.858,8.341230000000001,8.33988,600,600
24.06.2024 00:11:09.564,8.3412,8.33988,600,600
24.06.2024 00:11:10.568,8.34116,8.33971,600,600
24.06.2024 00:11:12.122,8.34107,8.33972,600,600
24.06.2024 00:11:19.290,8.34107,8.339680000000001,600,1800
24.06.2024 00:11:20.544,8.34107,8.33964,600,600
24.06.2024 00:11:21.698,8.341000000000001,8.339630000000001,600,600
24.06.2024 00:11:23.101,8.34092,8.33957,600,600
24.06.2024 00:11:32.557,8.34099,8.33957,1800,600
24.06.2024 00:11:34.513,8.34101,8.33956,600,600
24.06.2024 00:11:35.617,8.34101,8.33957,1800,600
24.06.2024 00:11:37.022,8.341000000000001,8.339630000000001,600,600
24.06.2024 00:11:52.666,8.34092,8.33957,600,600
24.06.2024 00:11:55.376,8.34099,8.33964,600,600
24.06.2024 00:12:02.293,8.34092,8.33957,600,600
24.06.2024 00:12:06.251,8.341000000000001,8.33957,600,600
24.06.2024 00:12:09.911,8.34092,8.33957,600,600
24.06.2024 00:12:31.739,8.34099,8.33964,600,600
24.06.2024 00:12:32.892,8.34101,8.33964,600,600
24.06.2024 00:12:38.504,8.34101,8.339580000000002,600,600
24.06.2024 00:12:38.911,8.34099,8.339580000000002,600,600
24.06.2024 00:12:39.866,8.34094,8.33957,600,600
24.06.2024 00:13:01.012,8.3409,8.33957,1350,600
24.06.2024 00:13:01.114,8.3407,8.33933,600,600
24.06.2024 00:13:02.122,8.34068,8.33934,1350,600
24.06.2024 00:13:02.223,8.34062,8.33933,600,600
24.06.2024 00:13:02.324,8.340539999999999,8.33919,600,600
24.06.2024 00:13:03.577,8.340610000000002,8.339260000000001,600,600
24.06.2024 00:13:08.965,8.34069,8.33934,2250,600
24.06.2024 00:13:11.469,8.340610000000002,8.339260000000001,600,600
24.06.2024 00:13:11.972,8.340580000000001,8.339260000000001,600,600
24.06.2024 00:13:12.523,8.340539999999999,8.33919,600,600
24.06.2024 00:13:16.081,8.34063,8.33918,900,600
24.06.2024 00:13:18.787,8.34068,8.33934,1800,600
24.06.2024 00:13:23.196,8.34067,8.33933,600,600
24.06.2024 00:13:24.649,8.34062,8.33925,600,600
24.06.2024 00:13:27.260,8.34052,8.339260000000001,1800,600
24.06.2024 00:13:28.565,8.34046,8.339110000000002,600,600
24.06.2024 00:13:30.971,8.34052,8.339110000000002,1800,600
24.06.2024 00:13:34.126,8.340510000000002,8.3391,600,600
24.06.2024 00:13:36.881,8.34052,8.339110000000002,1800,600
24.06.2024 00:13:37.133,8.34052,8.33919,1800,600
24.06.2024 00:13:37.284,8.340530000000001,8.33919,1800,600
24.06.2024 00:13:40.091,8.340539999999999,8.33919,600,600
24.06.2024 00:13:40.943,8.340610000000002,8.339260000000001,600,600
24.06.2024 00:13:43.953,8.34069,8.33934,600,600
24.06.2024 00:13:50.471,8.34065,8.33933,1800,600
24.06.2024 00:13:50.722,8.34059,8.33933,600,600
24.06.2024 00:13:51.926,8.340539999999999,8.33919,600,600
24.06.2024 00:13:53.080,8.34062,8.33925,600,600
24.06.2024 00:13:54.435,8.34063,8.33934,1800,600
24.06.2024 00:13:56.120,8.34067,8.33934,600,600
24.06.2024 00:13:56.524,8.34062,8.33934,600,600
24.06.2024 00:13:57.676,8.340610000000002,8.339260000000001,600,600
24.06.2024 00:13:58.729,8.34068,8.33925,600,600
24.06.2024 00:14:01.187,8.34068,8.339260000000001,3599.9999,600
24.06.2024 00:14:01.438,8.34068,8.33934,3599.9999,600
24.06.2024 00:14:03.044,8.34069,8.33934,600,600
24.06.2024 00:14:06.510,8.340539999999999,8.33919,600,600
24.06.2024 00:14:11.773,8.340510000000002,8.33919,1350,600
24.06.2024 00:14:11.881,8.34024,8.33879,600,600
24.06.2024 00:14:12.082,8.34018,8.3388,1800,600
24.06.2024 00:14:13.687,8.34023,8.3388,600,600
24.06.2024 00:14:15.393,8.340150000000001,8.3388,600,600
24.06.2024 00:14:19.552,8.34023,8.3388,600,600
24.06.2024 00:14:20.756,8.34022,8.33887,600,600
24.06.2024 00:14:26.623,8.34028,8.33895,600,600
24.06.2024 00:14:27.275,8.340300000000001,8.33895,600,600
24.06.2024 00:14:27.828,8.34039,8.33902,600,600
24.06.2024 00:14:30.737,8.34037,8.339030000000001,600,600
24.06.2024 00:14:31.339,8.340380000000001,8.339030000000001,600,600
24.06.2024 00:14:31.640,8.340380000000001,8.33895,600,600
24.06.2024 00:14:32.743,8.34039,8.33902,600,600
24.06.2024 00:14:33.948,8.34036,8.339030000000001,600,600
24.06.2024 00:14:34.901,8.34031,8.33894,600,600
24.06.2024 00:14:36.105,8.340300000000001,8.33887,600,600
24.06.2024 00:14:38.890,8.340300000000001,8.33895,600,600
24.06.2024 00:14:40.096,8.340380000000001,8.33895,600,600
24.06.2024 00:14:41.300,8.34031,8.33894,600,600
24.06.2024 00:14:42.905,8.340380000000001,8.33895,600,600
24.06.2024 00:14:44.162,8.340300000000001,8.33895,600,600
24.06.2024 00:14:46.170,8.34027,8.33895,600,600
24.06.2024 00:14:46.370,8.34022,8.33887,600,600
24.06.2024 00:14:52.437,8.340150000000001,8.3388,600,600
24.06.2024 00:14:53.540,8.339830000000001,8.3385,600,600
24.06.2024 00:14:53.641,8.339830000000001,8.33848,600,600
24.06.2024 00:14:55.146,8.339910000000001,8.338560000000001,600,600
24.06.2024 00:15:00.362,8.33979,8.338560000000001,3599.9999,600
24.06.2024 00:15:01.217,8.33977,8.3384,600,600
24.06.2024 00:15:02.371,8.33988,8.338560000000001,600,600
24.06.2024 00:15:02.522,8.33999,8.338560000000001,600,600
24.06.2024 00:15:03.575,8.33999,8.33864,600,600
24.06.2024 00:15:06.181,8.33998,8.33864,1800,600
24.06.2024 00:15:17.157,8.33999,8.33864,2250,600
24.06.2024 00:15:21.432,8.339910000000001,8.338560000000001,600,600
24.06.2024 00:15:22.937,8.33999,8.33864,2250,600
24.06.2024 00:15:25.393,8.33999,8.33872,1800,600
24.06.2024 00:15:25.496,8.34008,8.33934,600,600
24.06.2024 00:15:25.548,8.34069,8.33934,900,600
24.06.2024 00:15:30.114,8.340760000000001,8.339500000000001,600,2250
24.06.2024 00:15:30.215,8.34108,8.339500000000001,600,2250
24.06.2024 00:15:30.668,8.34108,8.33952,600,600
24.06.2024 00:15:31.119,8.34108,8.339730000000001,600,600
24.06.2024 00:15:32.222,8.34121,8.33964,1800,600
24.06.2024 00:15:32.974,8.341180000000001,8.33965,1800,600
24.06.2024 00:15:33.125,8.34116,8.33965,600,600
24.06.2024 00:15:33.477,8.34108,8.339730000000001,600,600
24.06.2024 00:15:35.733,8.34117,8.3398,600,600
24.06.2024 00:15:36.888,8.34108,8.339730000000001,600,600
24.06.2024 00:15:40.398,8.34126,8.34004,2250,600
24.06.2024 00:15:40.500,8.34139,8.34004,900,600
24.06.2024 00:15:41.503,8.34132,8.339970000000001,600,600
24.06.2024 00:15:43.709,8.3414,8.34003,600,600
24.06.2024 00:15:55.141,8.341360000000002,8.34004,1800,600
24.06.2024 00:15:55.292,8.34137,8.34004,1800,600
24.06.2024 00:15:55.894,8.34137,8.33985,2250,600
24.06.2024 00:15:57.148,8.341410000000002,8.34004,600,600
24.06.2024 00:15:57.199,8.341520000000001,8.34004,600,600
24.06.2024 00:15:57.300,8.34159,8.34005,1800,600
24.06.2024 00:15:58.257,8.341520000000001,8.34005,600,600
24.06.2024 00:15:59.260,8.341610000000001,8.340160000000001,2250,600
24.06.2024 00:15:59.861,8.34168,8.34017,600,1800
24.06.2024 00:16:00.062,8.34167,8.34026,600,600
24.06.2024 00:16:00.365,8.34167,8.340300000000001,600,600
24.06.2024 00:16:00.466,8.34183,8.34031,1800,600
24.06.2024 00:16:00.566,8.34182,8.34035,1800,600
24.06.2024 00:16:01.169,8.34183,8.340330000000002,1800,600
24.06.2024 00:16:02.273,8.34182,8.34037,1800,600
24.06.2024 00:16:02.724,8.34183,8.34039,1800,600
24.06.2024 00:16:03.726,8.34183,8.340430000000001,1800,600
24.06.2024 00:16:03.979,8.34201,8.34067,600,600
24.06.2024 00:16:04.081,8.34232,8.34098,1800,600
24.06.2024 00:16:05.033,8.34225,8.3409,600,600
24.06.2024 00:16:10.096,8.34232,8.34083,2250,600
24.06.2024 00:16:15.767,8.34232,8.34087,600,600
24.06.2024 00:16:15.818,8.34244,8.34094,600,600
24.06.2024 00:16:15.869,8.34247,8.34102,1800,600
24.06.2024 00:16:15.970,8.34237,8.34107,1800,600
24.06.2024 00:16:16.071,8.34237,8.340950000000001,1800,600
24.06.2024 00:16:17.023,8.34237,8.340910000000001,1800,600
24.06.2024 00:16:17.324,8.34234,8.3408,600,600
24.06.2024 00:16:18.628,8.34232,8.3408,600,900
24.06.2024 00:16:18.729,8.34232,8.340860000000001,600,600
24.06.2024 00:16:20.132,8.34232,8.3408,600,600
24.06.2024 00:16:29.253,8.342270000000001,8.3408,1800,600
24.06.2024 00:16:30.907,8.342270000000001,8.34079,1800,600
24.06.2024 00:16:33.012,8.34224,8.34079,600,600
24.06.2024 00:16:37.071,8.342270000000001,8.3408,1800,600
24.06.2024 00:16:38.329,8.34224,8.34074,600,600
24.06.2024 00:16:40.032,8.34224,8.34079,600,600
24.06.2024 00:16:40.233,8.34224,8.34075,600,600
24.06.2024 00:16:40.334,8.34224,8.34079,600,600
24.06.2024 00:16:40.885,8.34228,8.34078,1800,600
24.06.2024 00:16:40.936,8.342270000000001,8.34075,1800,600
24.06.2024 00:16:41.939,8.34224,8.34075,600,600
24.06.2024 00:16:42.041,8.341930000000001,8.34075,600,600
24.06.2024 00:16:42.091,8.341930000000001,8.34042,600,1800
24.06.2024 00:16:42.193,8.34192,8.34042,600,1800
24.06.2024 00:16:42.294,8.34194,8.34041,600,1800
24.06.2024 00:16:42.796,8.341930000000001,8.34046,600,600
24.06.2024 00:16:43.047,8.34186,8.340510000000002,600,600
24.06.2024 00:16:48.210,8.34194,8.34046,600,600
24.06.2024 00:16:51.969,8.341930000000001,8.34046,1800,600
24.06.2024 00:16:52.772,8.34187,8.3405,600,600
24.06.2024 00:16:55.830,8.341930000000001,8.34046,2250,600
24.06.2024 00:16:56.834,8.34191,8.34046,600,600
24.06.2024 00:16:58.037,8.34191,8.3404,600,600
24.06.2024 00:16:58.589,8.34191,8.34039,600,1800
24.06.2024 00:16:59.542,8.34191,8.34044,600,600
24.06.2024 00:17:00.245,8.34209,8.340660000000002,1800,600
24.06.2024 00:17:00.296,8.34214,8.340660000000002,600,600
24.06.2024 00:17:00.347,8.34214,8.340710000000001,600,600
24.06.2024 00:17:00.448,8.34215,8.34065,600,600
24.06.2024 00:17:00.649,8.34214,8.340710000000001,600,600
24.06.2024 00:17:01.802,8.34215,8.34065,600,600
24.06.2024 00:17:04.559,8.34217,8.340660000000002,1800,600
24.06.2024 00:17:07.417,8.34217,8.340760000000001,1800,600
24.06.2024 00:17:07.568,8.34225,8.340760000000001,2250,600
24.06.2024 00:17:07.719,8.34225,8.340810000000001,2250,600
24.06.2024 00:17:10.628,8.34225,8.3409,2250,600
24.06.2024 00:17:12.132,8.34225,8.34085,1800,600
24.06.2024 00:17:18.515,8.34225,8.34083,1800,600
24.06.2024 00:17:19.318,8.34218,8.34083,600,600
24.06.2024 00:17:20.422,8.34218,8.340760000000001,600,600
24.06.2024 00:17:20.573,8.34218,8.34075,600,600
24.06.2024 00:17:21.777,8.34218,8.34078,600,600
24.06.2024 00:17:22.734,8.34219,8.34074,600,600
24.06.2024 00:17:22.935,8.34218,8.34083,600,600
24.06.2024 00:17:35.711,8.342260000000001,8.34075,1800,600
24.06.2024 00:17:36.764,8.34218,8.34075,600,600
24.06.2024 00:17:37.817,8.34218,8.340760000000001,600,600
24.06.2024 00:17:38.170,8.34218,8.34083,600,600
24.06.2024 00:17:39.323,8.34218,8.34075,600,600
24.06.2024 00:17:39.574,8.34218,8.34079,600,600
24.06.2024 00:17:40.076,8.34219,8.34084,600,600
24.06.2024 00:17:40.277,8.34218,8.34079,600,600
24.06.2024 00:17:40.428,8.342270000000001,8.34082,600,600
24.06.2024 00:17:41.481,8.342260000000001,8.34084,600,600
24.06.2024 00:17:41.532,8.34225,8.3409,600,600
24.06.2024 00:17:53.162,8.342260000000001,8.34083,600,600
24.06.2024 00:17:55.917,8.34235,8.34098,1800,600
24.06.2024 00:17:56.019,8.34238,8.341289999999999,600,600
24.06.2024 00:17:56.069,8.34259,8.341280000000001,1800,600
24.06.2024 00:17:56.471,8.34242,8.34107,600,600
24.06.2024 00:17:56.571,8.34242,8.341050000000001,600,600
24.06.2024 00:17:58.177,8.3424,8.34106,600,600
24.06.2024 00:17:58.679,8.342260000000001,8.34089,600,600
24.06.2024 00:18:04.346,8.34229,8.3408,1800,600
24.06.2024 00:18:09.937,8.34225,8.3409,600,600
24.06.2024 00:18:15.003,8.342270000000001,8.34082,600,600
24.06.2024 00:18:16.960,8.342260000000001,8.34084,600,600
24.06.2024 00:18:17.161,8.34225,8.3409,600,600
24.06.2024 00:18:19.518,8.34229,8.34098,1800,600
24.06.2024 00:18:21.374,8.34225,8.3409,600,600
24.06.2024 00:18:25.083,8.3423,8.34097,1800,600
24.06.2024 00:18:26.086,8.3423,8.340860000000001,1800,600
24.06.2024 00:18:26.388,8.34237,8.340860000000001,600,600
24.06.2024 00:18:26.439,8.3424,8.3409,600,600
24.06.2024 00:18:27.391,8.34243,8.34094,1800,900
24.06.2024 00:18:28.593,8.34225,8.340950000000001,1800,900
24.06.2024 00:18:28.745,8.34224,8.340760000000001,600,600
24.06.2024 00:18:28.846,8.34223,8.34072,600,1800
24.06.2024 00:18:29.697,8.34225,8.34072,600,600
24.06.2024 00:18:32.402,8.34225,8.340710000000001,900,1800
24.06.2024 00:18:33.806,8.34225,8.34079,1800,600
24.06.2024 00:18:35.359,8.34225,8.340810000000001,2250,600
24.06.2024 00:18:39.716,8.342260000000001,8.34072,2250,600
24.06.2024 00:18:40.971,8.3422,8.340710000000001,600,1800
24.06.2024 00:18:42.073,8.34218,8.34083,600,600
24.06.2024 00:18:45.530,8.34224,8.34072,600,600
24.06.2024 00:18:50.843,8.342360000000001,8.340810000000001,1800,600
24.06.2024 00:18:52.646,8.34232,8.340810000000001,600,600
24.06.2024 00:18:56.856,8.342360000000001,8.340810000000001,1800,600
24.06.2024 00:18:57.959,8.342360000000001,8.34087,1800,600
24.06.2024 00:19:00.666,8.34225,8.3409,600,600
24.06.2024 00:19:01.802,8.34219,8.34082,600,600
24.06.2024 00:19:06.667,8.342260000000001,8.340760000000001,600,1800
24.06.2024 00:19:08.373,8.34225,8.34073,600,600
24.06.2024 00:19:09.175,8.34222,8.34073,600,600
24.06.2024 00:19:11.382,8.34219,8.34082,600,600
24.06.2024 00:19:13.690,8.34222,8.34083,600,600
24.06.2024 00:19:13.791,8.342260000000001,8.34083,600,600
24.06.2024 00:19:25.020,8.34218,8.34083,600,600
24.06.2024 00:19:27.678,8.342210000000001,8.34074,600,1800
24.06.2024 00:19:36.248,8.34225,8.34075,1800,1800
24.06.2024 00:19:37.956,8.34215,8.340710000000001,1800,2250
24.06.2024 00:19:38.713,8.34215,8.34074,1800,600
24.06.2024 00:19:40.566,8.3422,8.34074,600,600
24.06.2024 00:19:42.771,8.34219,8.34074,600,600
24.06.2024 00:19:43.373,8.34219,8.34072,600,1800
24.06.2024 00:19:46.832,8.342210000000001,8.34072,1800,2250
24.06.2024 00:19:47.684,8.342160000000002,8.34072,1800,600
24.06.2024 00:19:48.186,8.34214,8.3407,600,1800
24.06.2024 00:19:49.439,8.342160000000002,8.34072,1800,600
24.06.2024 00:19:50.460,8.34217,8.34069,2250,1800
24.06.2024 00:19:50.812,8.342,8.34067,1800,1800
24.06.2024 00:19:51.263,8.34195,8.340660000000002,1800,600
24.06.2024 00:19:52.466,8.34195,8.34064,1800,600
24.06.2024 00:19:57.127,8.34196,8.34059,1800,1800
24.06.2024 00:19:57.930,8.34187,8.340560000000002,1800,600
24.06.2024 00:19:58.182,8.34187,8.34055,600,600
24.06.2024 00:19:58.633,8.34178,8.340539999999999,600,1800
24.06.2024 00:19:59.485,8.34178,8.34041,600,1800
24.06.2024 00:19:59.536,8.34173,8.34037,1800,600
24.06.2024 00:19:59.687,8.341660000000001,8.34037,600,600
24.06.2024 00:19:59.889,8.34148,8.34012,600,2250
24.06.2024 00:20:00.942,8.34155,8.34013,600,600
24.06.2024 00:20:06.857,8.34153,8.34017,600,600
24.06.2024 00:20:09.512,8.34168,8.34009,600,600
24.06.2024 00:20:10.414,8.34169,8.340150000000001,600,1800
24.06.2024 00:20:10.565,8.34169,8.340160000000001,600,1800
24.06.2024 00:20:11.919,8.34162,8.34028,600,600
24.06.2024 00:20:14.825,8.34165,8.34029,600,600
24.06.2024 00:20:19.787,8.34171,8.34014,600,600
24.06.2024 00:20:20.540,8.34171,8.340200000000001,600,1800
24.06.2024 00:20:21.293,8.34171,8.340250000000001,600,1800
24.06.2024 00:20:21.544,8.34178,8.340480000000001,1800,600
24.06.2024 00:20:22.648,8.34174,8.3404,600,600
24.06.2024 00:20:25.257,8.34178,8.34034,1800,600
24.06.2024 00:20:31.322,8.34183,8.34034,600,600
24.06.2024 00:20:32.576,8.34184,8.34034,1800,600
24.06.2024 00:20:38.990,8.34185,8.34036,600,1800
24.06.2024 00:20:39.994,8.34185,8.340380000000001,600,600
24.06.2024 00:20:41.398,8.34183,8.34045,600,600
24.06.2024 00:20:42.825,8.341800000000001,8.340480000000001,1800,600
24.06.2024 00:20:44.183,8.341750000000001,8.34041,600,600
24.06.2024 00:20:45.435,8.34179,8.34041,600,600
24.06.2024 00:20:49.396,8.34186,8.340480000000001,600,600
24.06.2024 00:21:00.176,8.341800000000001,8.340480000000001,1800,600
24.06.2024 00:21:00.630,8.34179,8.34041,600,600
24.06.2024 00:21:03.936,8.34181,8.34047,1800,600
24.06.2024 00:21:08.845,8.34184,8.34047,1800,600
24.06.2024 00:21:08.897,8.34186,8.340480000000001,600,600
24.06.2024 00:21:09.050,8.34177,8.340480000000001,3599.9999,600
24.06.2024 00:21:09.102,8.34186,8.340480000000001,600,600
24.06.2024 00:21:10.407,8.34185,8.340480000000001,1800,600
24.06.2024 00:21:10.758,8.34186,8.340480000000001,600,600
24.06.2024 00:21:12.812,8.34186,8.34052,600,600
24.06.2024 00:21:18.274,8.34187,8.34055,600,600
24.06.2024 00:21:18.375,8.34186,8.340530000000001,600,600
24.06.2024 00:21:18.726,8.34199,8.34047,600,600
24.06.2024 00:21:19.228,8.34199,8.34044,600,600
24.06.2024 00:21:19.880,8.3421,8.34044,600,600
24.06.2024 00:21:23.891,8.3421,8.34046,600,600
24.06.2024 00:21:23.992,8.34215,8.34046,600,600
24.06.2024 00:21:24.093,8.34218,8.340430000000001,600,600
24.06.2024 00:21:24.996,8.34215,8.340430000000001,600,600
24.06.2024 00:21:26.850,8.34218,8.340430000000001,600,600
24.06.2024 00:21:28.204,8.342160000000002,8.34042,600,600
24.06.2024 00:21:34.170,8.34214,8.34042,600,600
24.06.2024 00:21:34.622,8.34205,8.34042,600,900
24.06.2024 00:21:35.073,8.342060000000002,8.340489999999999,600,600
24.06.2024 00:21:35.275,8.34205,8.34047,600,600
24.06.2024 00:21:35.727,8.34205,8.34042,600,900
24.06.2024 00:21:35.928,8.34196,8.34042,600,600
24.06.2024 00:21:36.155,8.34196,8.3404,600,600
24.06.2024 00:21:37.112,8.34191,8.340380000000001,600,600
24.06.2024 00:21:37.313,8.34191,8.340330000000002,600,600
24.06.2024 00:21:37.865,8.34189,8.340330000000002,3599.9999,600
24.06.2024 00:21:38.165,8.34187,8.34035,600,600
24.06.2024 00:21:41.071,8.34184,8.340330000000002,600,600
24.06.2024 00:21:42.426,8.34185,8.34034,600,600
24.06.2024 00:21:42.627,8.34184,8.34039,600,600
24.06.2024 00:21:44.736,8.34197,8.34039,3599.9999,600
24.06.2024 00:21:47.545,8.34205,8.34039,3599.9999,600
24.06.2024 00:21:48.347,8.342,8.34042,600,600
24.06.2024 00:21:49.349,8.342,8.34044,600,600
24.06.2024 00:21:50.753,8.34199,8.340430000000001,600,600
24.06.2024 00:21:52.307,8.34199,8.34042,600,600
24.06.2024 00:21:52.408,8.34196,8.34042,1800,600
24.06.2024 00:21:53.059,8.34196,8.34044,1800,600
24.06.2024 00:21:54.864,8.34196,8.34042,1800,600
24.06.2024 00:21:56.518,8.34196,8.340430000000001,1800,600
24.06.2024 00:21:56.769,8.34192,8.340430000000001,1800,600
24.06.2024 00:21:57.522,8.341930000000001,8.34034,2250,600
24.06.2024 00:22:00.378,8.34185,8.34035,1800,600
24.06.2024 00:22:00.830,8.34185,8.340330000000002,2250,1800
24.06.2024 00:22:00.981,8.34185,8.34031,600,2250
24.06.2024 00:22:02.185,8.341880000000002,8.34029,600,900
24.06.2024 00:22:03.789,8.341880000000002,8.340300000000001,600,600
24.06.2024 00:22:04.291,8.34163,8.34023,600,600
24.06.2024 00:22:04.392,8.34163,8.339960000000001,600,600
24.06.2024 00:22:04.593,8.341610000000001,8.339960000000001,600,600
24.06.2024 00:22:05.446,8.34163,8.339960000000001,600,600
24.06.2024 00:22:05.546,8.341660000000001,8.34007,600,600
24.06.2024 00:22:05.648,8.34162,8.34007,600,600
24.06.2024 00:22:06.250,8.341660000000001,8.34007,600,600
24.06.2024 00:22:06.602,8.3416,8.34,600,600
24.06.2024 00:22:07.755,8.341660000000001,8.339960000000001,600,900
24.06.2024 00:22:09.360,8.34148,8.339960000000001,600,600
24.06.2024 00:22:09.411,8.34142,8.339780000000001,600,600
24.06.2024 00:22:09.912,8.341360000000002,8.339780000000001,600,600
24.06.2024 00:22:10.063,8.34137,8.33965,600,600
24.06.2024 00:22:10.566,8.34134,8.339760000000002,1800,1800
24.06.2024 00:22:10.667,8.341230000000001,8.339680000000001,1800,1800
24.06.2024 00:22:11.019,8.34122,8.339680000000001,600,1800
24.06.2024 00:22:11.571,8.34119,8.339680000000001,600,1800
24.06.2024 00:22:11.972,8.34115,8.33965,1800,1800
24.06.2024 00:22:12.073,8.341130000000001,8.33965,600,1800
24.06.2024 00:22:12.275,8.34108,8.33969,1800,1800
24.06.2024 00:22:13.178,8.34109,8.339680000000001,600,1800
24.06.2024 00:22:13.981,8.3411,8.339680000000001,1800,1800
24.06.2024 00:22:15.135,8.34108,8.33969,600,1800
24.06.2024 00:22:15.186,8.34108,8.33967,600,1800
24.06.2024 00:22:16.139,8.34112,8.339730000000001,600,600
24.06.2024 00:22:18.897,8.34115,8.33967,600,1800
24.06.2024 00:22:18.948,8.34115,8.3398,600,1800
24.06.2024 00:22:19.200,8.341460000000001,8.33987,900,1800
24.06.2024 00:22:20.357,8.341410000000002,8.33988,600,1800
24.06.2024 00:22:22.962,8.341460000000001,8.33987,600,1800
24.06.2024 00:22:26.221,8.341460000000001,8.33988,1800,1800
24.06.2024 00:22:26.322,8.34145,8.33988,600,1800
24.06.2024 00:22:26.523,8.341460000000001,8.33988,1800,1800
24.06.2024 00:22:26.675,8.34143,8.33988,600,1800
24.06.2024 00:22:28.179,8.34139,8.33988,600,1800
24.06.2024 00:22:29.936,8.34122,8.339810000000002,1800,600
24.06.2024 00:22:30.088,8.34112,8.33982,600,600
24.06.2024 00:22:30.389,8.34112,8.33969,600,1800
24.06.2024 00:22:30.540,8.34112,8.3397,600,1800
24.06.2024 00:22:30.791,8.341130000000001,8.3397,2250,1800
24.06.2024 00:22:31.594,8.34111,8.3397,600,1800
24.06.2024 00:22:34.952,8.34112,8.3397,600,1800
24.06.2024 00:22:36.004,8.34112,8.33964,600,600
24.06.2024 00:22:36.306,8.34111,8.33964,600,600
24.06.2024 00:22:36.407,8.3411,8.33967,600,600
24.06.2024 00:22:37.009,8.341050000000001,8.33967,600,600
24.06.2024 00:22:37.460,8.341050000000001,8.339630000000001,600,1800
24.06.2024 00:22:39.265,8.34106,8.339630000000001,600,1800
24.06.2024 00:22:40.768,8.34106,8.339550000000001,600,600
24.06.2024 00:22:40.869,8.34103,8.33954,600,600
24.06.2024 00:22:41.321,8.34094,8.339550000000001,1800,600
24.06.2024 00:22:41.723,8.340910000000001,8.339550000000001,600,600
24.06.2024 00:22:41.874,8.340910000000001,8.33951,600,1800
24.06.2024 00:22:42.928,8.340910000000001,8.33947,600,600
24.06.2024 00:22:43.029,8.34088,8.33946,600,600
24.06.2024 00:22:43.230,8.34085,8.33947,600,600
24.06.2024 00:22:44.033,8.340860000000001,8.33951,600,600
24.06.2024 00:22:44.234,8.34089,8.33952,600,600
24.06.2024 00:22:46.591,8.340910000000001,8.33938,600,1800
24.06.2024 00:22:46.792,8.34094,8.33939,900,1800
24.06.2024 00:22:47.896,8.340910000000001,8.33949,600,600
24.06.2024 00:22:50.354,8.34082,8.33948,600,600
24.06.2024 00:22:52.864,8.34074,8.339400000000001,600,600
24.06.2024 00:22:53.968,8.34082,8.339400000000001,600,600
24.06.2024 00:22:57.727,8.34089,8.339400000000001,600,600
24.06.2024 00:23:00.083,8.34082,8.339400000000001,600,600
24.06.2024 00:23:01.487,8.34089,8.339400000000001,600,600
24.06.2024 00:23:01.688,8.34098,8.33939,600,600
24.06.2024 00:23:02.692,8.3409,8.33956,600,600
24.06.2024 00:23:04.097,8.34082,8.33948,600,600
24.06.2024 00:23:05.099,8.3409,8.33956,600,600
24.06.2024 00:23:08.990,8.34098,8.339400000000001,600,600
24.06.2024 00:23:10.193,8.34094,8.339360000000001,600,600
24.06.2024 00:23:10.847,8.341130000000001,8.33952,600,600
24.06.2024 00:23:10.949,8.34126,8.33953,600,600
24.06.2024 00:23:11.050,8.341330000000001,8.339580000000002,600,600
24.06.2024 00:23:11.301,8.34134,8.339630000000001,600,600
24.06.2024 00:23:11.552,8.34135,8.33967,600,600
24.06.2024 00:23:11.854,8.34135,8.33964,600,600
24.06.2024 00:23:11.904,8.34137,8.33995,600,600
24.06.2024 00:23:13.409,8.341289999999999,8.33995,600,600
24.06.2024 00:23:15.566,8.341380000000001,8.3399,600,600
24.06.2024 00:23:20.980,8.3413,8.3399,600,600
24.06.2024 00:23:22.984,8.34134,8.33994,600,600
24.06.2024 00:23:28.695,8.34142,8.33994,600,600
24.06.2024 00:23:29.900,8.34135,8.33993,600,600
24.06.2024 00:23:35.965,8.34142,8.33994,600,600
24.06.2024 00:23:37.072,8.34135,8.33993,600,600
24.06.2024 00:23:52.941,8.34142,8.34,600,600
24.06.2024 00:23:54.545,8.34142,8.33994,600,600
24.06.2024 00:23:58.908,8.341410000000002,8.340010000000001,600,600
24.06.2024 00:24:01.264,8.341380000000001,8.34004,600,600
24.06.2024 00:24:09.787,8.3413,8.339960000000001,600,600
24.06.2024 00:24:10.991,8.34139,8.33995,600,600
24.06.2024 00:24:12.093,8.34122,8.33988,600,600
24.06.2024 00:24:13.149,8.3413,8.339960000000001,600,600
24.06.2024 00:24:15.455,8.34139,8.33995,600,600
24.06.2024 00:24:18.113,8.3413,8.339960000000001,600,600
24.06.2024 00:24:21.272,8.34122,8.33988,600,600
24.06.2024 00:24:31.298,8.3413,8.339960000000001,600,600
24.06.2024 00:24:32.852,8.3413,8.33988,600,600
24.06.2024 00:24:34.307,8.3413,8.339960000000001,600,600
24.06.2024 00:24:41.624,8.3413,8.33988,600,600
24.06.2024 00:24:43.129,8.3413,8.339960000000001,600,600
24.06.2024 00:24:46.085,8.3413,8.33988,600,600
24.06.2024 00:24:47.790,8.3414,8.34019,600,600
24.06.2024 00:24:47.919,8.341310000000002,8.34014,600,600
24.06.2024 00:24:47.972,8.3413,8.339960000000001,600,600
24.06.2024 00:24:52.130,8.3413,8.33988,600,600
24.06.2024 00:24:56.642,8.3413,8.339960000000001,600,600
24.06.2024 00:24:59.450,8.341230000000001,8.33987,600,600
24.06.2024 00:25:46.295,8.34142,8.340110000000001,600,600
24.06.2024 00:25:46.401,8.3413,8.340110000000001,600,600
24.06.2024 00:25:46.452,8.34145,8.340110000000001,600,600
24.06.2024 00:25:46.754,8.34145,8.34014,600,600
24.06.2024 00:25:47.507,8.34139,8.34013,600,600
24.06.2024 00:25:47.558,8.341380000000001,8.34004,600,600
24.06.2024 00:25:48.912,8.34122,8.33988,600,600
24.06.2024 00:25:55.479,8.3413,8.339960000000001,600,600
24.06.2024 00:26:08.618,8.34153,8.34019,600,600
24.06.2024 00:26:08.719,8.341610000000001,8.34019,600,600
24.06.2024 00:26:09.622,8.34153,8.34019,600,600
24.06.2024 00:26:38.716,8.34153,8.340110000000001,600,600
24.06.2024 00:26:40.072,8.34153,8.34019,600,600
24.06.2024 00:26:44.535,8.341610000000001,8.34019,600,600
24.06.2024 00:26:48.397,8.34173,8.34014,600,600
24.06.2024 00:26:49.349,8.34169,8.34014,600,600
24.06.2024 00:26:49.650,8.34165,8.34014,600,600
24.06.2024 00:26:50.102,8.34165,8.340200000000001,600,600
24.06.2024 00:26:50.202,8.34165,8.34018,600,600
24.06.2024 00:26:51.556,8.34153,8.34019,600,600
24.06.2024 00:26:52.909,8.34154,8.34021,600,600
24.06.2024 00:26:54.062,8.34153,8.34019,600,600
24.06.2024 00:26:55.767,8.34153,8.34022,600,600
24.06.2024 00:26:56.618,8.341610000000001,8.34022,600,600
24.06.2024 00:26:58.321,8.341610000000001,8.34019,600,600
24.06.2024 00:26:58.423,8.34154,8.34018,600,600
24.06.2024 00:26:59.527,8.34145,8.340110000000001,600,600
24.06.2024 00:27:01.682,8.3413,8.340060000000001,600,600
24.06.2024 00:27:01.784,8.3413,8.340010000000001,600,600
24.06.2024 00:27:01.884,8.3413,8.339970000000001,600,600
24.06.2024 00:27:05.447,8.341380000000001,8.339970000000001,600,600
24.06.2024 00:27:06.650,8.341380000000001,8.3401,600,600
24.06.2024 00:27:06.852,8.341380000000001,8.340150000000001,600,600
24.06.2024 00:27:07.153,8.34153,8.34019,600,600
24.06.2024 00:27:08.307,8.34154,8.340200000000001,600,600
24.06.2024 00:27:09.410,8.341610000000001,8.34021,600,600
24.06.2024 00:27:09.510,8.34162,8.34018,600,600
24.06.2024 00:27:10.514,8.34154,8.34018,600,600
24.06.2024 00:27:14.998,8.34153,8.34021,600,600
24.06.2024 00:27:15.099,8.34153,8.340250000000001,600,600
24.06.2024 00:27:15.201,8.34153,8.34029,600,600
24.06.2024 00:27:16.304,8.34169,8.34035,600,600
24.06.2024 00:27:17.664,8.34169,8.34029,600,600
24.06.2024 00:27:17.967,8.34169,8.34034,600,600
24.06.2024 00:27:18.068,8.34169,8.3404,600,600
24.06.2024 00:27:18.269,8.34169,8.34034,600,600
24.06.2024 00:27:18.570,8.34169,8.340300000000001,600,600
24.06.2024 00:27:18.972,8.341610000000001,8.340300000000001,600,600
24.06.2024 00:27:19.824,8.34162,8.34026,600,600
24.06.2024 00:27:21.127,8.341610000000001,8.340300000000001,600,600
24.06.2024 00:27:21.328,8.34162,8.34026,600,600
24.06.2024 00:27:25.739,8.34169,8.34027,600,600
24.06.2024 00:27:28.495,8.34162,8.34026,600,600
24.06.2024 00:27:29.197,8.34162,8.34029,600,600
24.06.2024 00:27:29.800,8.34169,8.34035,600,600
24.06.2024 00:27:30.954,8.34177,8.34035,600,600
24.06.2024 00:27:31.105,8.34177,8.3404,600,600
24.06.2024 00:27:32.008,8.341800000000001,8.3404,600,600
24.06.2024 00:27:32.109,8.341800000000001,8.340300000000001,600,600
24.06.2024 00:27:33.364,8.34173,8.34024,600,600
24.06.2024 00:27:37.076,8.34173,8.340300000000001,600,600
24.06.2024 00:27:38.180,8.341800000000001,8.340300000000001,600,900
24.06.2024 00:27:42.092,8.34181,8.34035,600,600
24.06.2024 00:27:44.349,8.341800000000001,8.34032,600,600
24.06.2024 00:27:44.550,8.341800000000001,8.34036,600,600
24.06.2024 00:27:46.206,8.341800000000001,8.34035,600,600
24.06.2024 00:27:46.558,8.34182,8.34035,600,600
24.06.2024 00:27:47.210,8.34182,8.34032,600,600
24.06.2024 00:27:47.612,8.34169,8.34035,600,600
24.06.2024 00:27:49.721,8.34162,8.34018,600,600
24.06.2024 00:27:50.575,8.341610000000001,8.34028,600,600
24.06.2024 00:27:51.428,8.34177,8.34035,600,600
24.06.2024 00:27:55.744,8.341750000000001,8.34035,600,600
24.06.2024 00:27:56.698,8.341610000000001,8.34019,600,600
24.06.2024 00:28:00.462,8.341610000000001,8.34027,600,600
24.06.2024 00:28:04.829,8.341610000000001,8.34028,600,600
24.06.2024 00:28:05.131,8.341610000000001,8.34031,600,600
24.06.2024 00:28:05.582,8.34177,8.34035,600,600
24.06.2024 00:28:08.089,8.341700000000001,8.34034,600,600
24.06.2024 00:28:13.102,8.34177,8.34035,600,600
24.06.2024 00:28:15.959,8.341700000000001,8.34034,600,600
24.06.2024 00:28:17.715,8.341610000000001,8.34027,600,600
24.06.2024 00:28:19.971,8.34162,8.34018,600,600
24.06.2024 00:28:21.174,8.34162,8.34026,600,600
24.06.2024 00:28:22.879,8.34162,8.34018,600,600
24.06.2024 00:28:23.435,8.34162,8.340200000000001,600,600
24.06.2024 00:28:23.987,8.34169,8.34027,600,600
24.06.2024 00:28:26.644,8.341610000000001,8.34027,600,600
24.06.2024 00:28:27.698,8.341610000000001,8.34019,600,600
24.06.2024 00:28:27.899,8.341610000000001,8.34023,600,600
24.06.2024 00:28:28.200,8.341610000000001,8.34019,600,600
24.06.2024 00:28:28.953,8.34178,8.340250000000001,600,600
24.06.2024 00:28:30.008,8.34169,8.34035,600,600
24.06.2024 00:28:33.669,8.34177,8.34035,600,600
24.06.2024 00:28:34.823,8.34169,8.34035,600,600
24.06.2024 00:28:39.688,8.34177,8.340430000000001,600,600
24.06.2024 00:28:40.742,8.341700000000001,8.34034,600,600
24.06.2024 00:28:41.947,8.341610000000001,8.34021,600,600
24.06.2024 00:28:45.809,8.34178,8.340200000000001,600,600
24.06.2024 00:28:48.823,8.34177,8.34018,600,600
24.06.2024 00:28:51.281,8.341750000000001,8.34017,600,600
24.06.2024 00:28:51.486,8.341750000000001,8.34032,600,600
24.06.2024 00:28:51.688,8.341750000000001,8.34027,600,600
24.06.2024 00:28:52.440,8.3419,8.34032,600,600
24.06.2024 00:28:52.941,8.3419,8.34035,600,600
24.06.2024 00:28:53.042,8.34191,8.34039,600,600
24.06.2024 00:28:53.143,8.34189,8.340330000000002,600,600
24.06.2024 00:28:54.196,8.341880000000002,8.340330000000002,600,600
24.06.2024 00:28:56.405,8.34181,8.340330000000002,600,600
24.06.2024 00:28:57.010,8.34176,8.34032,600,600
24.06.2024 00:28:58.114,8.34173,8.340250000000001,600,600
24.06.2024 00:29:02.120,8.34153,8.34019,600,600
24.06.2024 00:29:02.822,8.34153,8.34022,600,600
24.06.2024 00:29:03.173,8.34169,8.34035,600,600
24.06.2024 00:29:04.476,8.341610000000001,8.34019,600,600
24.06.2024 00:29:06.885,8.34162,8.340200000000001,600,600
24.06.2024 00:29:06.986,8.341610000000001,8.34019,600,600
24.06.2024 00:29:07.136,8.341610000000001,8.34027,600,600
24.06.2024 00:29:10.948,8.34169,8.34027,600,600
24.06.2024 00:29:12.052,8.34162,8.34026,600,600
24.06.2024 00:29:14.859,8.34172,8.34019,600,600
24.06.2024 00:29:15.762,8.34171,8.340160000000001,600,600
24.06.2024 00:29:17.668,8.34172,8.34024,600,600
24.06.2024 00:29:20.879,8.34173,8.340250000000001,600,600
24.06.2024 00:29:21.231,8.34181,8.34031,600,600
24.06.2024 00:29:24.790,8.34179,8.34029,600,600
24.06.2024 00:29:26.294,8.34169,8.34035,600,600
24.06.2024 00:29:39.610,8.34179,8.34029,600,600
24.06.2024 00:29:40.663,8.341800000000001,8.340300000000001,600,600
24.06.2024 00:29:45.876,8.34169,8.34035,600,600
24.06.2024 00:29:48.589,8.34169,8.34037,600,600
24.06.2024 00:29:48.992,8.34192,8.3405,600,600
24.06.2024 00:29:49.394,8.342,8.340810000000001,600,600
24.06.2024 00:29:49.495,8.342160000000002,8.34082,600,600
24.06.2024 00:29:53.051,8.342160000000002,8.34074,600,600
24.06.2024 00:29:54.503,8.34224,8.3407,600,600
24.06.2024 00:29:56.809,8.342160000000002,8.340710000000001,600,600
24.06.2024 00:29:58.011,8.34224,8.3407,600,600
24.06.2024 00:29:58.312,8.34223,8.34068,600,600
24.06.2024 00:29:59.365,8.34217,8.34067,600,600
24.06.2024 00:30:00.380,8.34201,8.340539999999999,600,600
24.06.2024 00:30:00.481,8.34201,8.340530000000001,600,600
24.06.2024 00:30:00.783,8.34201,8.340539999999999,600,600
24.06.2024 00:30:00.984,8.34201,8.340580000000001,600,600
24.06.2024 00:30:01.887,8.342080000000001,8.34074,600,600
24.06.2024 00:30:03.340,8.34209,8.34067,600,600
24.06.2024 00:30:18.079,8.34201,8.34067,600,600
24.06.2024 00:30:20.085,8.34201,8.34059,600,600
24.06.2024 00:30:21.105,8.34209,8.34067,600,600
24.06.2024 00:30:27.424,8.34201,8.34067,600,600
24.06.2024 00:30:28.678,8.34209,8.34075,600,600
24.06.2024 00:30:29.832,8.34218,8.34074,600,600
24.06.2024 00:30:30.835,8.34209,8.34075,600,600
24.06.2024 00:30:31.837,8.34218,8.34074,600,600
24.06.2024 00:30:32.842,8.3421,8.34074,600,600
24.06.2024 00:30:34.899,8.34217,8.34083,600,600
24.06.2024 00:30:35.952,8.34217,8.34075,600,600
24.06.2024 00:30:36.954,8.34217,8.34083,600,600
24.06.2024 00:30:38.962,8.34235,8.34085,600,600
24.06.2024 00:30:40.064,8.34232,8.3409,600,600
24.06.2024 00:30:43.070,8.34224,8.3409,600,600
24.06.2024 00:30:45.576,8.34223,8.34089,600,600
24.06.2024 00:30:50.139,8.342160000000002,8.34082,600,600
24.06.2024 00:30:52.896,8.342310000000001,8.34089,600,600
24.06.2024 00:30:53.998,8.34237,8.34082,600,600
24.06.2024 00:30:56.403,8.34224,8.34082,600,600
24.06.2024 00:30:57.805,8.34223,8.34089,600,600
24.06.2024 00:30:59.109,8.342310000000001,8.34089,600,600
24.06.2024 00:31:04.374,8.34229,8.34088,600,600
24.06.2024 00:31:04.475,8.34214,8.34063,600,600
24.06.2024 00:31:05.178,8.34214,8.340560000000002,900,600
24.06.2024 00:31:07.183,8.34214,8.34064,900,600
24.06.2024 00:31:08.464,8.34219,8.34064,600,600
24.06.2024 00:31:12.224,8.34219,8.34072,600,600
24.06.2024 00:31:13.327,8.34219,8.34064,600,600
24.06.2024 00:31:15.782,8.34219,8.34072,600,600
24.06.2024 00:31:16.938,8.34215,8.34072,600,600
24.06.2024 00:31:18.051,8.34215,8.34063,600,600
24.06.2024 00:31:18.452,8.3421,8.34063,600,600
24.06.2024 00:31:19.054,8.34209,8.340560000000002,600,600
24.06.2024 00:31:20.206,8.342130000000001,8.340560000000002,600,600
24.06.2024 00:31:20.557,8.342,8.340580000000001,600,600
24.06.2024 00:31:24.166,8.3421,8.340530000000001,600,600
24.06.2024 00:31:25.269,8.342110000000002,8.340539999999999,600,600
24.06.2024 00:31:28.127,8.342260000000001,8.340710000000001,600,600
24.06.2024 00:31:28.278,8.342270000000001,8.340760000000001,600,600
24.06.2024 00:31:29.432,8.34239,8.34085,600,600
24.06.2024 00:31:31.938,8.34239,8.34101,600,600
24.06.2024 00:31:32.039,8.34256,8.341000000000001,600,600
24.06.2024 00:31:32.140,8.34256,8.34101,600,600
24.06.2024 00:31:32.642,8.34256,8.34102,600,600
24.06.2024 00:31:33.093,8.34264,8.34109,600,600
24.06.2024 00:31:34.448,8.34257,8.34109,600,600
24.06.2024 00:31:35.800,8.34264,8.34109,600,600
24.06.2024 00:31:36.704,8.342550000000001,8.34109,600,600
24.06.2024 00:31:37.106,8.34258,8.34108,600,600
24.06.2024 00:31:47.836,8.34254,8.34109,600,600
24.06.2024 00:31:47.987,8.342500000000001,8.341000000000001,600,600
24.06.2024 00:31:49.242,8.34257,8.34109,600,600
24.06.2024 00:31:50.345,8.34254,8.34109,600,600
24.06.2024 00:31:50.446,8.34257,8.34109,600,600
24.06.2024 00:31:58.030,8.34248,8.34112,600,600
24.06.2024 00:32:00.391,8.342550000000001,8.341130000000001,600,600
24.06.2024 00:32:01.393,8.342550000000001,8.34121,600,600
24.06.2024 00:32:04.803,8.34262,8.341280000000001,600,600
24.06.2024 00:32:08.064,8.342550000000001,8.34121,600,600
24.06.2024 00:32:10.323,8.342550000000001,8.341130000000001,600,600
24.06.2024 00:32:10.779,8.34267,8.341360000000002,600,600
24.06.2024 00:32:10.830,8.342780000000001,8.341360000000002,600,600
24.06.2024 00:32:12.335,8.34271,8.34135,600,600
24.06.2024 00:32:15.241,8.342780000000001,8.341360000000002,600,600
24.06.2024 00:32:16.645,8.3427,8.341360000000002,600,600
24.06.2024 00:32:17.648,8.342780000000001,8.341360000000002,600,600
24.06.2024 00:32:19.053,8.342780000000001,8.34144,600,600
24.06.2024 00:32:20.056,8.34287,8.34143,600,600
24.06.2024 00:32:21.411,8.34294,8.3416,600,600
24.06.2024 00:32:22.616,8.34295,8.341510000000001,600,600
24.06.2024 00:32:25.977,8.34295,8.34159,600,600
24.06.2024 00:32:27.031,8.342780000000001,8.34144,600,600
24.06.2024 00:32:28.134,8.34285,8.34144,600,600
24.06.2024 00:32:28.285,8.34287,8.34143,600,600
24.06.2024 00:32:29.489,8.342780000000001,8.34144,600,600
24.06.2024 00:32:30.694,8.342860000000002,8.34144,600,600
24.06.2024 00:32:34.465,8.342780000000001,8.34144,600,600
24.06.2024 00:32:42.837,8.342789999999999,8.341380000000001,600,600
24.06.2024 00:32:49.859,8.34287,8.3413,600,600
24.06.2024 00:32:51.063,8.34292,8.341330000000001,600,600
24.06.2024 00:32:52.068,8.342789999999999,8.341330000000001,600,600
24.06.2024 00:32:54.774,8.342860000000002,8.34145,600,600
24.06.2024 00:33:00.444,8.342789999999999,8.34134,600,600
24.06.2024 00:33:00.746,8.3428,8.341380000000001,600,600
24.06.2024 00:33:01.497,8.34294,8.34145,600,600
24.06.2024 00:33:17.332,8.342860000000002,8.34145,600,600
24.06.2024 00:33:26.429,8.34284,8.3415,600,600
24.06.2024 00:33:28.935,8.34285,8.341410000000002,600,600
24.06.2024 00:33:33.850,8.342910000000002,8.34157,600,600
24.06.2024 00:33:48.936,8.34292,8.3415,600,600
24.06.2024 00:33:55.450,8.34284,8.3415,600,600
24.06.2024 00:34:01.367,8.34292,8.3415,600,600
24.06.2024 00:34:03.973,8.34284,8.34142,600,900
24.06.2024 00:34:05.176,8.34284,8.3415,600,600
24.06.2024 00:34:09.334,8.34292,8.3415,600,600
24.06.2024 00:34:11.537,8.34284,8.3415,600,600
24.06.2024 00:34:24.123,8.34299,8.34165,600,600
24.06.2024 00:34:24.928,8.343200000000001,8.34181,600,600
24.06.2024 00:34:24.980,8.343200000000001,8.3422,600,600
24.06.2024 00:34:25.031,8.343539999999999,8.3422,600,600
24.06.2024 00:34:25.333,8.343539999999999,8.34223,600,600
24.06.2024 00:34:25.434,8.34355,8.34223,600,600
24.06.2024 00:34:25.636,8.343820000000001,8.34228,600,600
24.06.2024 00:34:25.737,8.343860000000001,8.342270000000001,600,600
24.06.2024 00:34:26.440,8.34377,8.34228,600,600
24.06.2024 00:34:27.142,8.34362,8.3422,600,600
24.06.2024 00:34:27.444,8.34362,8.34223,600,600
24.06.2024 00:34:28.147,8.34377,8.34223,600,600
24.06.2024 00:34:40.333,8.34362,8.34223,600,600
24.06.2024 00:34:49.309,8.34377,8.34223,600,600
24.06.2024 00:34:51.415,8.343630000000001,8.34222,600,600
24.06.2024 00:34:53.169,8.343710000000002,8.34222,600,600
24.06.2024 00:34:55.275,8.343630000000001,8.34222,600,600
24.06.2024 00:34:56.378,8.34362,8.34228,600,600
24.06.2024 00:34:58.084,8.34369,8.342260000000001,600,600
24.06.2024 00:34:59.338,8.34369,8.34223,600,600
24.06.2024 00:35:00.191,8.34369,8.34218,600,900
24.06.2024 00:35:01.195,8.34369,8.34219,600,600
24.06.2024 00:35:02.147,8.343610000000002,8.34219,600,600
24.06.2024 00:35:02.298,8.343610000000002,8.34218,600,600
24.06.2024 00:35:02.500,8.34362,8.3422,600,600
24.06.2024 00:35:03.303,8.3437,8.3422,600,600
24.06.2024 00:35:04.355,8.34369,8.34218,600,600
24.06.2024 00:35:04.456,8.34369,8.34219,600,600
24.06.2024 00:35:04.907,8.34369,8.342260000000001,600,600
24.06.2024 00:35:06.011,8.3437,8.342260000000001,600,600
24.06.2024 00:35:06.466,8.34362,8.342260000000001,600,600
24.06.2024 00:35:06.567,8.34368,8.342260000000001,600,600
24.06.2024 00:35:06.970,8.3437,8.342260000000001,600,600
24.06.2024 00:35:07.873,8.3437,8.34218,600,600
24.06.2024 00:35:09.126,8.34373,8.342260000000001,600,600
24.06.2024 00:35:10.329,8.343710000000002,8.34217,600,600
24.06.2024 00:35:11.532,8.34373,8.34218,600,600
24.06.2024 00:35:11.684,8.34378,8.34222,600,600
24.06.2024 00:35:14.691,8.3437,8.34222,600,600
24.06.2024 00:35:16.093,8.34378,8.34222,600,600
24.06.2024 00:35:17.449,8.343630000000001,8.342270000000001,600,600
24.06.2024 00:35:19.713,8.34393,8.34251,900,600
24.06.2024 00:35:19.815,8.34413,8.34267,600,600
24.06.2024 00:35:19.916,8.34424,8.342810000000002,600,600
24.06.2024 00:35:20.017,8.34447,8.34298,600,600
24.06.2024 00:35:20.118,8.34455,8.34298,600,600
24.06.2024 00:35:20.219,8.34452,8.34298,600,600
24.06.2024 00:35:21.072,8.3444,8.343060000000001,600,600
24.06.2024 00:35:23.482,8.34442,8.34308,600,600
24.06.2024 00:35:33.612,8.344430000000001,8.34299,600,600
24.06.2024 00:35:38.627,8.34455,8.343,600,600
24.06.2024 00:35:48.097,8.34442,8.343,600,600
24.06.2024 00:35:56.871,8.344410000000002,8.343,600,600
24.06.2024 00:35:56.975,8.34442,8.343,600,600
24.06.2024 00:35:58.028,8.344339999999999,8.34292,600,600
24.06.2024 00:36:02.187,8.34411,8.342910000000002,600,600
24.06.2024 00:36:02.290,8.34411,8.34277,600,600
24.06.2024 00:36:02.491,8.34406,8.34277,600,600
24.06.2024 00:36:02.693,8.34411,8.34277,900,600
24.06.2024 00:36:03.595,8.34403,8.34261,600,600
24.06.2024 00:36:06.151,8.34395,8.34253,600,600
24.06.2024 00:36:12.867,8.34395,8.34254,600,600
24.06.2024 00:36:15.823,8.343960000000001,8.34252,600,600
24.06.2024 00:36:20.585,8.34395,8.34261,600,600
24.06.2024 00:36:23.041,8.34403,8.34261,600,600
24.06.2024 00:36:39.231,8.344100000000001,8.34253,900,900
24.06.2024 00:36:40.434,8.34395,8.34261,600,600
24.06.2024 00:36:41.587,8.34403,8.34261,600,600
24.06.2024 00:36:47.351,8.344100000000001,8.34253,900,900
24.06.2024 00:36:50.460,8.34404,8.342600000000001,600,600
24.06.2024 00:37:00.737,8.34395,8.34261,600,600
24.06.2024 00:37:02.341,8.34406,8.34253,600,600
24.06.2024 00:37:03.392,8.34403,8.34261,600,600
24.06.2024 00:37:06.000,8.34395,8.34261,600,600
24.06.2024 00:37:07.102,8.34395,8.34253,600,600
24.06.2024 00:37:11.110,8.34406,8.34253,600,600
24.06.2024 00:37:15.922,8.344100000000001,8.34253,900,900
24.06.2024 00:37:16.124,8.344100000000001,8.34258,600,600
24.06.2024 00:37:16.375,8.34403,8.34261,600,600
24.06.2024 00:37:24.227,8.34415,8.34261,600,600
24.06.2024 00:37:25.630,8.34403,8.34269,600,600
24.06.2024 00:37:28.389,8.34403,8.34261,600,600
24.06.2024 00:37:29.495,8.34403,8.34269,600,600
24.06.2024 00:37:32.003,8.34395,8.34261,600,600
24.06.2024 00:37:37.119,8.34403,8.34269,600,600
24.06.2024 00:37:39.578,8.34411,8.34277,600,600
24.06.2024 00:37:43.738,8.34403,8.34269,600,600
24.06.2024 00:38:06.244,8.34422,8.34284,600,600
24.06.2024 00:38:06.345,8.344380000000001,8.342830000000001,600,600
24.06.2024 00:38:07.599,8.34426,8.34284,600,600
24.06.2024 00:38:08.703,8.344380000000001,8.342830000000001,600,600
24.06.2024 00:38:08.886,8.34442,8.342830000000001,900,900
24.06.2024 00:38:22.177,8.34442,8.342880000000001,600,600
24.06.2024 00:38:22.378,8.344410000000002,8.34285,900,600
24.06.2024 00:38:22.730,8.344410000000002,8.34289,600,600
24.06.2024 00:38:24.887,8.34435,8.342910000000002,600,600
24.06.2024 00:38:29.351,8.344339999999999,8.34294,600,600
24.06.2024 00:38:30.106,8.3445,8.34294,600,600
24.06.2024 00:38:30.658,8.34447,8.342880000000001,600,900
24.06.2024 00:38:30.859,8.34442,8.342880000000001,600,600
24.06.2024 00:38:31.110,8.3444,8.34289,600,600
24.06.2024 00:38:32.314,8.344410000000002,8.34284,600,600
24.06.2024 00:38:32.715,8.34445,8.34289,600,600
24.06.2024 00:38:34.772,8.344339999999999,8.34292,600,600
24.06.2024 00:38:36.879,8.34426,8.342910000000002,600,600
24.06.2024 00:38:37.181,8.34417,8.342910000000002,600,600
24.06.2024 00:38:37.282,8.34404,8.342680000000001,600,600
24.06.2024 00:39:08.581,8.34395,8.34264,600,600
24.06.2024 00:39:09.084,8.34395,8.34261,600,600
24.06.2024 00:39:09.587,8.34403,8.34269,600,600
24.06.2024 00:39:21.219,8.34412,8.342680000000001,600,600
24.06.2024 00:39:25.731,8.34412,8.34264,600,600
24.06.2024 00:39:26.935,8.34404,8.34264,600,600
24.06.2024 00:39:27.938,8.34412,8.34264,600,600
24.06.2024 00:39:33.104,8.34412,8.342680000000001,600,600
24.06.2024 00:39:38.616,8.34403,8.34269,600,600
24.06.2024 00:39:43.680,8.34404,8.342600000000001,600,600
24.06.2024 00:39:44.733,8.34408,8.34253,600,600
24.06.2024 00:39:44.934,8.344100000000001,8.342550000000001,600,600
24.06.2024 00:39:45.035,8.34404,8.34253,600,600
24.06.2024 00:39:45.888,8.34404,8.34248,600,600
24.06.2024 00:39:46.639,8.34399,8.34247,600,600
24.06.2024 00:39:47.090,8.34399,8.34244,600,900
24.06.2024 00:39:48.395,8.34393,8.34259,600,600
24.06.2024 00:39:51.203,8.34395,8.34244,600,600
24.06.2024 00:39:51.354,8.34395,8.342450000000001,600,600
24.06.2024 00:39:53.761,8.34394,8.342450000000001,1800,2250
24.06.2024 00:39:57.221,8.343910000000001,8.34257,600,600
24.06.2024 00:39:58.278,8.343910000000001,8.34249,600,600
24.06.2024 00:39:59.434,8.34394,8.34244,600,1800
24.06.2024 00:40:00.185,8.34393,8.34249,600,600
24.06.2024 00:40:00.737,8.34403,8.34249,600,600
24.06.2024 00:40:01.890,8.34406,8.34248,600,600
24.06.2024 00:40:02.941,8.34404,8.34248,600,600
24.06.2024 00:40:08.653,8.34408,8.34249,4050.0002,600
24.06.2024 00:40:08.904,8.34404,8.34248,3599.9999,600
24.06.2024 00:40:09.055,8.34404,8.34244,4050.0002,600
24.06.2024 00:40:09.857,8.343960000000001,8.34244,600,900
24.06.2024 00:40:10.909,8.343960000000001,8.342450000000001,600,600
24.06.2024 00:40:13.315,8.343960000000001,8.342410000000001,600,600
24.06.2024 00:40:13.516,8.343960000000001,8.342450000000001,600,600
24.06.2024 00:40:17.328,8.34397,8.3424,600,600
24.06.2024 00:40:17.529,8.34394,8.34238,600,600
24.06.2024 00:40:17.930,8.34388,8.34238,600,600
24.06.2024 00:40:18.031,8.34388,8.342450000000001,600,600
24.06.2024 00:40:18.934,8.343960000000001,8.342450000000001,600,600
24.06.2024 00:40:19.752,8.343960000000001,8.34249,600,600
24.06.2024 00:40:20.253,8.343960000000001,8.34244,600,600
24.06.2024 00:40:21.607,8.343960000000001,8.34249,600,600
24.06.2024 00:40:21.758,8.343960000000001,8.34254,600,600
24.06.2024 00:40:22.861,8.34404,8.34253,600,600
24.06.2024 00:40:25.215,8.34403,8.34248,600,600
24.06.2024 00:40:32.934,8.34404,8.34248,600,600
24.06.2024 00:40:34.137,8.344050000000001,8.34248,600,600
24.06.2024 00:40:34.689,8.34407,8.34262,600,1800
24.06.2024 00:40:34.790,8.34406,8.3427,600,1350
24.06.2024 00:40:34.841,8.34437,8.34277,2700,2250
24.06.2024 00:40:34.942,8.344360000000002,8.34284,2250,600
24.06.2024 00:40:37.198,8.34435,8.34284,1800,600
24.06.2024 00:40:37.299,8.344360000000002,8.34284,1800,600
24.06.2024 00:40:40.207,8.344430000000001,8.34293,600,600
24.06.2024 00:40:40.308,8.34442,8.343250000000001,600,1800
24.06.2024 00:40:40.359,8.344750000000001,8.343250000000001,600,1800
24.06.2024 00:40:40.409,8.34476,8.34329,600,600
24.06.2024 00:40:41.363,8.34486,8.34328,1800,600
24.06.2024 00:40:42.716,8.34483,8.34329,600,600
24.06.2024 00:40:46.254,8.344850000000001,8.34329,1800,600
24.06.2024 00:40:50.568,8.34486,8.34329,600,600
24.06.2024 00:40:54.279,8.34482,8.34328,600,600
24.06.2024 00:40:55.734,8.34486,8.34329,600,600
24.06.2024 00:40:56.638,8.34483,8.343250000000001,600,4050.0002
24.06.2024 00:40:56.689,8.344800000000001,8.34324,3599.9999,600
24.06.2024 00:40:56.740,8.34473,8.34315,600,600
24.06.2024 00:40:56.791,8.3447,8.34314,3599.9999,600
24.06.2024 00:40:56.942,8.34464,8.34313,600,600
24.06.2024 00:40:57.243,8.34464,8.34308,600,600
24.06.2024 00:40:58.796,8.34464,8.34307,600,4050.0002
24.06.2024 00:41:00.802,8.34468,8.34317,600,600
24.06.2024 00:41:01.153,8.3447,8.343160000000001,3599.9999,600
24.06.2024 00:41:02.405,8.34469,8.343160000000001,600,600
24.06.2024 00:41:02.556,8.34468,8.3431,600,600
24.06.2024 00:41:04.913,8.34463,8.34307,600,4050.0002
24.06.2024 00:41:05.115,8.34468,8.3431,900,600
24.06.2024 00:41:07.119,8.34463,8.3431,600,600
24.06.2024 00:41:07.571,8.34463,8.34305,600,3599.9999
24.06.2024 00:41:07.823,8.34468,8.34309,600,600
24.06.2024 00:41:09.076,8.34464,8.34309,600,600
24.06.2024 00:41:09.327,8.344560000000001,8.34309,600,600
24.06.2024 00:41:09.429,8.34435,8.343060000000001,600,600
24.06.2024 00:41:09.480,8.34435,8.34289,600,600
24.06.2024 00:41:09.581,8.344330000000001,8.34285,600,600
24.06.2024 00:41:10.032,8.3443,8.34285,3599.9999,600
24.06.2024 00:41:10.233,8.344330000000001,8.34285,600,600
24.06.2024 00:41:10.384,8.344360000000002,8.34284,600,600
24.06.2024 00:41:10.585,8.34437,8.342780000000001,900,600
24.06.2024 00:41:10.986,8.344360000000002,8.34284,600,600
24.06.2024 00:41:12.942,8.34431,8.34284,3599.9999,600
24.06.2024 00:41:12.993,8.34431,8.342780000000001,3599.9999,600
24.06.2024 00:41:13.044,8.34416,8.342780000000001,600,600
24.06.2024 00:41:13.146,8.34404,8.34275,600,600
24.06.2024 00:41:13.196,8.34404,8.34251,600,600
24.06.2024 00:41:13.397,8.34403,8.34251,3599.9999,600
24.06.2024 00:41:13.598,8.34403,8.34246,3599.9999,900
24.06.2024 00:41:14.200,8.34403,8.34256,600,600
24.06.2024 00:41:18.011,8.34395,8.34248,600,600
24.06.2024 00:41:19.014,8.34389,8.342410000000001,600,600
24.06.2024 00:41:19.616,8.3439,8.342410000000001,600,600
24.06.2024 00:41:21.077,8.343960000000001,8.34242,600,600
24.06.2024 00:41:22.129,8.344000000000001,8.34242,600,600
24.06.2024 00:41:26.039,8.34403,8.34247,3599.9999,600
24.06.2024 00:41:26.290,8.34397,8.34247,600,600
24.06.2024 00:41:27.344,8.34397,8.342410000000001,600,600
24.06.2024 00:41:27.847,8.34397,8.342450000000001,600,600
24.06.2024 00:41:29.151,8.34398,8.342410000000001,600,600
24.06.2024 00:41:35.191,8.34398,8.34248,600,3150.0001
24.06.2024 00:41:35.242,8.34398,8.34246,600,600
24.06.2024 00:41:35.293,8.34398,8.342630000000002,600,600
24.06.2024 00:41:35.394,8.34398,8.34253,600,600
24.06.2024 00:41:35.495,8.34398,8.34249,600,600
24.06.2024 00:41:35.596,8.34398,8.34254,600,600
24.06.2024 00:41:35.697,8.34398,8.34258,600,600
24.06.2024 00:41:36.298,8.34413,8.34258,600,600
24.06.2024 00:41:39.058,8.344180000000001,8.342600000000001,600,600
24.06.2024 00:41:40.412,8.34417,8.34258,600,600
24.06.2024 00:41:44.974,8.34413,8.34258,600,600
24.06.2024 00:41:45.078,8.344100000000001,8.34253,600,600
24.06.2024 00:41:45.580,8.34401,8.34253,600,600
24.06.2024 00:41:45.831,8.344050000000001,8.34253,600,600
24.06.2024 00:41:45.982,8.34398,8.34246,600,600
24.06.2024 00:41:46.082,8.34399,8.34242,600,600
24.06.2024 00:41:46.384,8.34399,8.3424,600,600
24.06.2024 00:41:47.687,8.34395,8.34248,600,600
24.06.2024 00:41:48.038,8.34394,8.34254,600,600
24.06.2024 00:41:48.139,8.34395,8.34256,600,600
24.06.2024 00:41:48.190,8.34416,8.342730000000001,600,600
24.06.2024 00:41:48.341,8.344180000000001,8.342730000000001,600,600
24.06.2024 00:41:49.395,8.34427,8.342730000000001,600,600
24.06.2024 00:41:50.498,8.34427,8.34267,600,600
24.06.2024 00:41:55.660,8.34427,8.3427,600,600
24.06.2024 00:41:56.162,8.34417,8.3427,600,600
24.06.2024 00:41:56.864,8.34415,8.34262,600,600
24.06.2024 00:41:58.017,8.34417,8.34262,600,600
24.06.2024 00:41:59.120,8.34417,8.34258,600,600
24.06.2024 00:42:00.224,8.34421,8.342630000000002,600,600
24.06.2024 00:42:00.475,8.3442,8.342630000000002,600,600
24.06.2024 00:42:02.080,8.34419,8.342630000000002,600,600
24.06.2024 00:42:03.384,8.34411,8.342630000000002,600,600
24.06.2024 00:42:04.888,8.34419,8.342630000000002,600,600
24.06.2024 00:42:05.039,8.34419,8.34269,600,600
24.06.2024 00:42:05.842,8.34419,8.342630000000002,600,600
24.06.2024 00:42:07.246,8.34411,8.342630000000002,600,600
24.06.2024 00:42:07.498,8.34412,8.34258,600,600
24.06.2024 00:42:07.599,8.34412,8.342630000000002,600,600
24.06.2024 00:42:08.402,8.344230000000001,8.34266,600,600
24.06.2024 00:42:08.503,8.34427,8.34269,900,600
24.06.2024 00:42:09.607,8.34419,8.34269,600,600
24.06.2024 00:42:10.209,8.3442,8.34266,600,600
24.06.2024 00:42:10.611,8.34421,8.34264,600,600
24.06.2024 00:42:12.016,8.34414,8.34264,600,600
24.06.2024 00:42:13.320,8.34422,8.34264,900,600
24.06.2024 00:42:18.994,8.344230000000001,8.34269,900,600
24.06.2024 00:42:20.000,8.34422,8.342680000000001,600,600
24.06.2024 00:42:20.502,8.34421,8.342730000000001,600,600
24.06.2024 00:42:20.603,8.34421,8.342780000000001,600,600
24.06.2024 00:42:20.906,8.34421,8.34284,600,600
24.06.2024 00:42:21.208,8.34442,8.34284,600,900
24.06.2024 00:42:21.411,8.34437,8.34284,600,600
24.06.2024 00:42:21.513,8.34431,8.342830000000001,600,600
24.06.2024 00:42:23.466,8.34421,8.34272,600,600
24.06.2024 00:42:26.620,8.344280000000001,8.34272,1800,600
24.06.2024 00:42:27.823,8.34421,8.34272,600,600
24.06.2024 00:42:28.325,8.34421,8.342680000000001,600,2700
24.06.2024 00:42:30.979,8.34419,8.342680000000001,600,1800
24.06.2024 00:42:33.485,8.34421,8.34267,600,1800
24.06.2024 00:42:34.036,8.3442,8.34274,600,600
24.06.2024 00:42:35.588,8.3442,8.342680000000001,600,1800
24.06.2024 00:42:36.790,8.34425,8.342680000000001,600,1800
24.06.2024 00:42:38.195,8.3442,8.342680000000001,600,1800
24.06.2024 00:42:39.001,8.3442,8.34272,600,600
24.06.2024 00:42:39.603,8.344289999999999,8.34271,4050.0002,600
24.06.2024 00:42:40.355,8.34425,8.342680000000001,600,1800
24.06.2024 00:42:41.007,8.34421,8.34267,600,1800
24.06.2024 00:42:42.310,8.34425,8.342680000000001,600,1800
24.06.2024 00:42:42.461,8.344280000000001,8.34272,4050.0002,600
24.06.2024 00:42:42.662,8.344289999999999,8.342780000000001,4050.0002,600
24.06.2024 00:42:42.963,8.344289999999999,8.34282,600,600
24.06.2024 00:42:43.365,8.344360000000002,8.34282,600,600
24.06.2024 00:42:46.222,8.34437,8.34282,1800,600
24.06.2024 00:42:47.275,8.34432,8.342830000000001,600,600
24.06.2024 00:42:54.543,8.34424,8.342830000000001,600,600
24.06.2024 00:42:55.796,8.34432,8.342830000000001,600,600
24.06.2024 00:42:57.200,8.344339999999999,8.342830000000001,600,600
24.06.2024 00:42:58.303,8.344339999999999,8.342810000000002,600,600
24.06.2024 00:42:58.504,8.344339999999999,8.342830000000001,600,600
24.06.2024 00:42:58.655,8.344330000000001,8.342830000000001,600,600
24.06.2024 00:43:06.674,8.34435,8.34282,600,600
24.06.2024 00:43:08.633,8.34435,8.34287,600,600
24.06.2024 00:43:08.834,8.344339999999999,8.34285,600,600
24.06.2024 00:43:09.486,8.34425,8.342880000000001,600,600
24.06.2024 00:43:10.690,8.34427,8.34284,600,600
24.06.2024 00:43:11.843,8.344330000000001,8.34284,600,600
24.06.2024 00:43:13.701,8.34432,8.342880000000001,600,600
24.06.2024 00:43:14.257,8.34445,8.342880000000001,4050.0002,600
24.06.2024 00:43:14.558,8.344380000000001,8.342880000000001,1800,600
24.06.2024 00:43:17.217,8.344360000000002,8.342880000000001,600,600
24.06.2024 00:43:17.568,8.344360000000002,8.34284,600,600
24.06.2024 00:43:18.070,8.34435,8.34284,600,600
24.06.2024 00:43:18.171,8.34417,8.34284,1800,600
24.06.2024 00:43:18.272,8.344050000000001,8.34259,600,600
24.06.2024 00:43:18.372,8.344000000000001,8.34254,600,1800
24.06.2024 00:43:19.075,8.344050000000001,8.34254,900,1800
24.06.2024 00:43:19.276,8.34399,8.34248,1800,600
24.06.2024 00:43:22.233,8.34395,8.34248,600,600
24.06.2024 00:43:22.834,8.343960000000001,8.34252,600,600
24.06.2024 00:43:23.636,8.34399,8.34253,1800,600
24.06.2024 00:43:23.787,8.34399,8.34252,1800,600
24.06.2024 00:43:30.554,8.34402,8.34251,1800,600
24.06.2024 00:43:32.558,8.343960000000001,8.34247,600,600
24.06.2024 00:43:32.659,8.343960000000001,8.342500000000001,600,600
24.06.2024 00:43:33.260,8.343960000000001,8.34253,600,600
24.06.2024 00:43:33.612,8.34401,8.34253,1800,600
24.06.2024 00:43:35.617,8.34401,8.34247,1800,600
24.06.2024 00:43:36.019,8.34398,8.34246,600,600
24.06.2024 00:43:36.119,8.34397,8.342450000000001,600,2250
24.06.2024 00:43:38.126,8.34397,8.34249,600,600
24.06.2024 00:43:42.836,8.34397,8.34254,600,600
24.06.2024 00:43:43.388,8.34401,8.34254,1800,600
24.06.2024 00:43:43.539,8.34401,8.34253,1800,600
24.06.2024 00:43:44.442,8.34398,8.34244,600,2700
24.06.2024 00:43:50.776,8.34394,8.34249,600,600
24.06.2024 00:43:57.697,8.34402,8.34254,1800,600
24.06.2024 00:43:58.852,8.34401,8.34248,600,600
24.06.2024 00:43:58.903,8.344000000000001,8.342450000000001,600,2250
24.06.2024 00:44:00.356,8.34401,8.342550000000001,2250,600
24.06.2024 00:44:01.711,8.34402,8.34246,2250,600
24.06.2024 00:44:02.864,8.344000000000001,8.342450000000001,600,2250
24.06.2024 00:44:08.379,8.34402,8.34246,2250,600
24.06.2024 00:44:10.838,8.34399,8.34247,600,600
24.06.2024 00:44:11.390,8.344000000000001,8.34256,600,600
24.06.2024 00:44:11.444,8.34401,8.34257,1800,600
24.06.2024 00:44:12.596,8.34401,8.34256,1800,600
24.06.2024 00:44:13.950,8.34401,8.34249,1800,900
24.06.2024 00:44:14.401,8.34399,8.34249,600,600
24.06.2024 00:44:21.969,8.34398,8.34248,600,600
24.06.2024 00:44:23.073,8.34398,8.34247,600,600
24.06.2024 00:44:24.626,8.34397,8.342450000000001,600,600
24.06.2024 00:44:32.445,8.34397,8.34249,600,600
24.06.2024 00:44:33.046,8.34402,8.34257,2250,600
24.06.2024 00:44:34.851,8.34399,8.34257,600,600
24.06.2024 00:44:35.354,8.34394,8.34257,600,600
24.06.2024 00:44:51.328,8.34403,8.34246,1800,600
24.06.2024 00:44:56.144,8.34403,8.34261,600,3599.9999
24.06.2024 00:44:56.246,8.3442,8.342780000000001,3599.9999,600
24.06.2024 00:44:58.050,8.34422,8.342780000000001,1800,600
24.06.2024 00:45:01.060,8.34422,8.342730000000001,2250,600
24.06.2024 00:45:02.112,8.34422,8.342789999999999,2250,600
24.06.2024 00:45:07.776,8.34422,8.34266,2250,600
24.06.2024 00:45:08.377,8.34422,8.34266,1800,1800
24.06.2024 00:45:09.481,8.34422,8.34271,1800,600
24.06.2024 00:45:10.734,8.34421,8.34277,1800,600
24.06.2024 00:45:11.887,8.34416,8.34267,600,1800
24.06.2024 00:45:13.040,8.344180000000001,8.34267,600,1800
24.06.2024 00:45:14.293,8.344180000000001,8.34271,600,600
24.06.2024 00:45:16.096,8.344180000000001,8.342810000000002,600,600
24.06.2024 00:45:17.398,8.34421,8.342880000000001,1800,600
24.06.2024 00:45:18.402,8.34425,8.342880000000001,600,600
24.06.2024 00:45:22.712,8.344330000000001,8.342880000000001,2250,600
24.06.2024 00:45:30.555,8.34432,8.342880000000001,1800,600
24.06.2024 00:45:30.706,8.34425,8.342880000000001,600,600
24.06.2024 00:45:34.015,8.344280000000001,8.3428,600,600
24.06.2024 00:45:36.921,8.344280000000001,8.34284,600,1800
24.06.2024 00:45:37.773,8.34435,8.34284,600,2700
24.06.2024 00:45:52.061,8.34432,8.34284,600,600
24.06.2024 00:45:52.264,8.344330000000001,8.342880000000001,600,600
24.06.2024 00:45:52.567,8.34432,8.34284,600,600
24.06.2024 00:45:55.524,8.344360000000002,8.34284,600,900
24.06.2024 00:45:58.882,8.344339999999999,8.342830000000001,4050.0002,600
24.06.2024 00:46:00.185,8.344330000000001,8.342789999999999,4050.0002,600
24.06.2024 00:46:00.737,8.344280000000001,8.342780000000001,4050.0002,600
24.06.2024 00:46:00.838,8.344280000000001,8.34276,4050.0002,600
24.06.2024 00:46:05.097,8.34421,8.34272,600,4050.0002
24.06.2024 00:46:08.755,8.34427,8.34272,4050.0002,4050.0002
24.06.2024 00:46:08.857,8.344360000000002,8.342730000000001,1800,1800
24.06.2024 00:46:08.908,8.344360000000002,8.34275,1800,600
24.06.2024 00:46:09.510,8.34437,8.342780000000001,1800,600
24.06.2024 00:46:10.713,8.344339999999999,8.342780000000001,1800,600
24.06.2024 00:46:20.763,8.344330000000001,8.34277,1800,600
24.06.2024 00:46:21.014,8.344289999999999,8.34277,600,600
24.06.2024 00:46:22.267,8.344330000000001,8.34275,1800,1800
24.06.2024 00:46:22.618,8.344330000000001,8.3428,1800,600
24.06.2024 00:46:24.523,8.344289999999999,8.3428,600,600
24.06.2024 00:46:26.576,8.344330000000001,8.3428,1800,600
24.06.2024 00:46:28.579,8.3443,8.342789999999999,600,600
24.06.2024 00:46:29.833,8.344330000000001,8.3428,1800,600
24.06.2024 00:46:30.485,8.34432,8.3428,1800,600
24.06.2024 00:46:32.538,8.344289999999999,8.3428,600,600
24.06.2024 00:46:34.091,8.34432,8.3428,1800,600
24.06.2024 00:46:37.152,8.34413,8.3428,600,600
24.06.2024 00:46:37.257,8.34403,8.34261,600,600
24.06.2024 00:46:37.309,8.344000000000001,8.34261,1800,600
24.06.2024 00:46:37.412,8.34398,8.34261,600,600
24.06.2024 00:46:37.663,8.3439,8.34243,600,1800
24.06.2024 00:46:38.966,8.343910000000001,8.34243,600,600
24.06.2024 00:46:39.819,8.34397,8.342450000000001,600,600
24.06.2024 00:46:47.287,8.34389,8.342450000000001,600,600
24.06.2024 00:46:47.739,8.3439,8.34237,600,600
24.06.2024 00:46:49.544,8.343910000000001,8.34243,600,600
24.06.2024 00:46:50.196,8.34397,8.342450000000001,2250,600
24.06.2024 00:46:51.250,8.34397,8.34244,1800,600
24.06.2024 00:46:53.005,8.34395,8.342450000000001,1800,600
24.06.2024 00:46:54.108,8.343960000000001,8.34247,1800,600
24.06.2024 00:46:54.359,8.343960000000001,8.34252,1800,600
24.06.2024 00:47:05.244,8.34395,8.34254,1800,600
24.06.2024 00:47:05.804,8.34399,8.342630000000002,600,1800
24.06.2024 00:47:05.904,8.34406,8.34267,600,600
24.06.2024 00:47:06.306,8.34411,8.342780000000001,1800,600
24.06.2024 00:47:10.062,8.34411,8.34274,1800,600
24.06.2024 00:47:11.718,8.344230000000001,8.34274,600,600
24.06.2024 00:47:11.771,8.34425,8.34276,600,600
24.06.2024 00:47:15.732,8.34426,8.34276,1800,600
24.06.2024 00:47:16.886,8.34426,8.342810000000002,1800,600
24.06.2024 00:47:17.889,8.34435,8.34285,600,1800
24.06.2024 00:47:18.040,8.34435,8.34287,600,600
24.06.2024 00:47:19.494,8.3444,8.3429,1800,600
24.06.2024 00:47:24.909,8.3444,8.342910000000002,1800,600
24.06.2024 00:47:25.060,8.34439,8.342910000000002,1800,600
24.06.2024 00:47:26.013,8.34439,8.34285,2250,1800
24.06.2024 00:47:29.273,8.34439,8.34289,600,1800
24.06.2024 00:47:29.424,8.3444,8.34289,1800,1800
24.06.2024 00:47:29.825,8.3444,8.34293,1800,600
24.06.2024 00:47:31.281,8.3444,8.34295,1800,600
24.06.2024 00:47:32.334,8.3444,8.34304,1800,600
24.06.2024 00:47:37.096,8.344410000000002,8.34292,1800,600
24.06.2024 00:47:38.098,8.3444,8.342960000000001,1800,600
24.06.2024 00:47:39.401,8.344380000000001,8.342960000000001,1800,600
24.06.2024 00:47:41.959,8.34439,8.34289,1800,600
24.06.2024 00:47:42.310,8.344330000000001,8.34289,1800,600
24.06.2024 00:47:43.414,8.34432,8.34282,1800,600
24.06.2024 00:47:45.687,8.344330000000001,8.34284,600,1800
24.06.2024 00:47:45.888,8.344330000000001,8.342860000000002,600,600
24.06.2024 00:47:46.039,8.34437,8.34285,600,600
24.06.2024 00:47:48.698,8.344339999999999,8.34284,600,2250
24.06.2024 00:47:50.102,8.344339999999999,8.34277,1800,600
24.06.2024 00:47:51.055,8.344289999999999,8.342780000000001,600,600
24.06.2024 00:47:53.363,8.344339999999999,8.34287,2250,600
24.06.2024 00:48:00.334,8.344330000000001,8.342830000000001,1800,600
24.06.2024 00:48:00.485,8.344330000000001,8.342789999999999,1800,600
24.06.2024 00:48:00.536,8.34431,8.342789999999999,1800,600
24.06.2024 00:48:01.188,8.34431,8.342830000000001,1800,600
24.06.2024 00:48:02.790,8.34432,8.34284,1800,600
24.06.2024 00:48:04.342,8.34431,8.342830000000001,1800,600
24.06.2024 00:48:05.145,8.34432,8.34277,1800,900
24.06.2024 00:48:05.596,8.344330000000001,8.342830000000001,1800,1800
24.06.2024 00:48:07.002,8.344330000000001,8.34287,1800,600
24.06.2024 00:48:13.269,8.344330000000001,8.34289,1800,600
24.06.2024 00:48:15.822,8.344330000000001,8.34287,2250,600
24.06.2024 00:48:19.433,8.344339999999999,8.342830000000001,2250,600
24.06.2024 00:48:20.086,8.344280000000001,8.342830000000001,600,1800
24.06.2024 00:48:20.537,8.344289999999999,8.3428,600,1800
24.06.2024 00:48:22.243,8.344330000000001,8.34284,600,600
24.06.2024 00:48:23.245,8.344289999999999,8.3428,600,1800
24.06.2024 00:48:24.048,8.344280000000001,8.34277,600,900
24.06.2024 00:48:25.452,8.344330000000001,8.34284,600,600
24.06.2024 00:48:31.162,8.34427,8.34276,600,600
24.06.2024 00:48:32.616,8.344330000000001,8.342810000000002,900,600
24.06.2024 00:48:34.018,8.34432,8.342810000000002,1800,600
24.06.2024 00:48:39.382,8.34421,8.3428,1800,600
24.06.2024 00:48:39.985,8.3442,8.342730000000001,1800,600
24.06.2024 00:48:42.990,8.3442,8.34274,1800,600
24.06.2024 00:48:43.191,8.3442,8.342730000000001,1800,600
24.06.2024 00:48:48.009,8.34421,8.342730000000001,2250,900
24.06.2024 00:48:48.210,8.34421,8.34276,600,600
24.06.2024 00:48:48.411,8.34421,8.342730000000001,600,2250
24.06.2024 00:48:49.063,8.34427,8.342730000000001,600,2250
24.06.2024 00:48:49.113,8.344289999999999,8.34275,600,600
24.06.2024 00:48:50.266,8.344289999999999,8.34276,1800,600
24.06.2024 00:48:51.620,8.344330000000001,8.3428,600,2250
24.06.2024 00:48:52.622,8.344330000000001,8.34282,600,600
24.06.2024 00:48:52.873,8.344360000000002,8.34285,2250,600
24.06.2024 00:48:58.085,8.34435,8.34284,600,600
24.06.2024 00:48:59.388,8.344360000000002,8.342880000000001,1800,600
24.06.2024 00:49:00.591,8.34435,8.34284,600,600
24.06.2024 00:49:11.467,8.344360000000002,8.34282,2250,600
24.06.2024 00:49:12.670,8.34435,8.34284,600,600
24.06.2024 00:49:27.083,8.34435,8.34287,600,600
24.06.2024 00:49:30.945,8.34435,8.34284,600,600
24.06.2024 00:49:33.654,8.34437,8.342880000000001,1800,600
24.06.2024 00:49:43.683,8.344339999999999,8.342880000000001,600,600
24.06.2024 00:49:46.642,8.344330000000001,8.34282,900,1800
24.06.2024 00:49:49.751,8.3443,8.342780000000001,1800,1800
24.06.2024 00:49:49.854,8.34427,8.342780000000001,600,1800
24.06.2024 00:49:49.956,8.344230000000001,8.34277,600,1800
24.06.2024 00:49:50.808,8.344180000000001,8.342780000000001,600,1800
24.06.2024 00:49:52.912,8.34421,8.34277,600,1800
24.06.2024 00:49:53.814,8.3442,8.342680000000001,600,600
24.06.2024 00:49:54.165,8.34422,8.342730000000001,2250,600
24.06.2024 00:49:56.069,8.34422,8.342810000000002,1800,600
24.06.2024 00:49:57.722,8.344230000000001,8.342730000000001,1800,600
24.06.2024 00:50:00.327,8.34422,8.342789999999999,1800,600
24.06.2024 00:50:01.079,8.34427,8.3428,600,1800
24.06.2024 00:50:01.130,8.344289999999999,8.3428,600,1800
24.06.2024 00:50:01.231,8.344289999999999,8.34282,600,1800
24.06.2024 00:50:01.332,8.344289999999999,8.342860000000002,600,600
24.06.2024 00:50:01.733,8.3444,8.34287,1800,600
24.06.2024 00:50:02.836,8.3444,8.34289,1800,600
24.06.2024 00:50:05.191,8.3444,8.342960000000001,1800,600
24.06.2024 00:50:09.485,8.3444,8.34295,600,600
24.06.2024 00:50:09.586,8.344339999999999,8.342960000000001,600,600
24.06.2024 00:50:10.037,8.344330000000001,8.342810000000002,600,2250
24.06.2024 00:50:11.944,8.34427,8.342810000000002,1800,600
24.06.2024 00:50:12.397,8.34425,8.342730000000001,600,900
24.06.2024 00:50:13.199,8.34425,8.34276,600,1800
24.06.2024 00:50:13.300,8.34425,8.342780000000001,600,600
24.06.2024 00:50:13.401,8.34425,8.342830000000001,600,600
24.06.2024 00:50:13.602,8.34425,8.342780000000001,600,600
24.06.2024 00:50:13.752,8.344339999999999,8.342789999999999,2250,600
24.06.2024 00:50:13.803,8.344339999999999,8.34284,1800,600
24.06.2024 00:50:14.504,8.344339999999999,8.342830000000001,1800,600
24.06.2024 00:50:14.906,8.344339999999999,8.34287,1800,600
24.06.2024 00:50:15.207,8.344380000000001,8.34287,600,600
24.06.2024 00:50:15.308,8.344380000000001,8.342880000000001,600,600
24.06.2024 00:50:16.009,8.3444,8.342880000000001,1800,600
24.06.2024 00:50:20.873,8.3444,8.34293,1800,600
24.06.2024 00:50:21.684,8.3444,8.34295,1800,600
24.06.2024 00:50:22.936,8.3444,8.34293,1800,600
24.06.2024 00:50:23.388,8.344410000000002,8.342910000000002,1800,600
24.06.2024 00:50:23.689,8.34439,8.34292,600,600
24.06.2024 00:50:24.341,8.344380000000001,8.342830000000001,600,600
24.06.2024 00:50:25.594,8.344339999999999,8.34284,1800,600
24.06.2024 00:50:25.695,8.344339999999999,8.342830000000001,600,600
24.06.2024 00:50:26.498,8.3443,8.342780000000001,600,600
24.06.2024 00:50:29.504,8.34431,8.34276,900,2250
24.06.2024 00:50:29.805,8.34431,8.342780000000001,600,600
24.06.2024 00:50:30.107,8.344339999999999,8.342789999999999,1800,600
24.06.2024 00:50:30.408,8.344339999999999,8.34277,1800,1800
24.06.2024 00:50:31.310,8.3443,8.34277,600,2250
24.06.2024 00:50:33.565,8.344339999999999,8.342810000000002,1800,600
24.06.2024 00:50:34.468,8.3443,8.342810000000002,600,600
24.06.2024 00:50:34.920,8.344280000000001,8.342810000000002,1800,600
24.06.2024 00:50:35.722,8.344330000000001,8.342810000000002,600,600
24.06.2024 00:50:40.734,8.344330000000001,8.34277,600,1800
24.06.2024 00:50:41.937,8.3443,8.342780000000001,600,600
24.06.2024 00:50:46.047,8.344289999999999,8.34277,600,2250
24.06.2024 00:50:46.649,8.344289999999999,8.342810000000002,600,600
24.06.2024 00:50:47.051,8.34435,8.342810000000002,1800,600
24.06.2024 00:50:48.603,8.34435,8.34285,1800,600
24.06.2024 00:50:53.919,8.344360000000002,8.342789999999999,1800,600
24.06.2024 00:50:54.821,8.34435,8.34284,1800,600
24.06.2024 00:50:56.078,8.34426,8.34284,1800,900
24.06.2024 00:50:56.232,8.34411,8.34261,1800,600
24.06.2024 00:50:56.433,8.34403,8.34262,1800,600
24.06.2024 00:50:56.483,8.34403,8.34253,1800,900
24.06.2024 00:50:56.735,8.34398,8.34253,600,600
24.06.2024 00:50:57.537,8.34398,8.34251,600,1800
24.06.2024 00:50:58.289,8.34397,8.34251,600,1800
24.06.2024 00:50:58.640,8.34393,8.34251,600,1800
24.06.2024 00:50:59.944,8.34395,8.34251,600,1800
24.06.2024 00:51:02.000,8.34393,8.34251,600,1800
24.06.2024 00:51:03.203,8.34394,8.34251,600,1800
24.06.2024 00:51:06.712,8.34394,8.342500000000001,600,1800
24.06.2024 00:51:06.913,8.34392,8.342500000000001,600,1800
24.06.2024 00:51:11.475,8.344000000000001,8.342500000000001,600,2250
24.06.2024 00:51:13.840,8.34402,8.342500000000001,600,2700
24.06.2024 00:51:14.445,8.34398,8.34249,600,600
24.06.2024 00:51:14.549,8.34393,8.342500000000001,600,600
24.06.2024 00:51:14.950,8.34393,8.34237,600,2250
24.06.2024 00:51:15.452,8.343860000000001,8.34237,600,1800
24.06.2024 00:51:15.553,8.343910000000001,8.34237,600,1800
24.06.2024 00:51:15.925,8.34387,8.342360000000001,600,1800
24.06.2024 00:51:17.029,8.3439,8.34238,600,600
24.06.2024 00:51:18.183,8.34387,8.34238,600,1800
24.06.2024 00:51:18.287,8.34385,8.34238,600,1800
24.06.2024 00:51:18.388,8.34387,8.34238,600,1800
24.06.2024 00:51:18.690,8.34388,8.342410000000001,600,1800
24.06.2024 00:51:19.392,8.343960000000001,8.342410000000001,2250,1800
24.06.2024 00:51:20.745,8.34395,8.34243,1800,600
24.06.2024 00:51:20.795,8.34393,8.34243,600,600
24.06.2024 00:51:22.764,8.34393,8.34249,600,600
24.06.2024 00:51:23.468,8.34393,8.34244,600,600
24.06.2024 00:51:24.020,8.34395,8.342500000000001,1800,600
24.06.2024 00:51:28.185,8.34393,8.34242,600,2250
24.06.2024 00:51:28.235,8.34393,8.34244,600,600
24.06.2024 00:51:30.540,8.34393,8.34247,600,1800
24.06.2024 00:51:36.152,8.34398,8.34247,1800,1800
24.06.2024 00:51:38.459,8.34393,8.34247,600,1800
24.06.2024 00:51:41.917,8.343960000000001,8.34247,600,1800
24.06.2024 00:51:43.072,8.343960000000001,8.34244,600,900
24.06.2024 00:51:43.924,8.34397,8.34244,600,600
24.06.2024 00:51:46.077,8.343960000000001,8.34244,900,600
24.06.2024 00:51:47.131,8.3439,8.34243,1800,600
24.06.2024 00:51:47.233,8.34364,8.34225,1800,600
24.06.2024 00:51:47.286,8.34355,8.342130000000001,600,600
24.06.2024 00:51:47.337,8.3435,8.34212,1800,600
24.06.2024 00:51:47.591,8.34347,8.342130000000001,600,600
24.06.2024 00:51:47.692,8.34349,8.342130000000001,1800,600
24.06.2024 00:51:48.694,8.34349,8.34197,2250,900
24.06.2024 00:51:49.346,8.3435,8.341980000000001,2250,600
24.06.2024 00:51:49.748,8.34346,8.34199,600,600
24.06.2024 00:51:49.849,8.34346,8.34195,600,1800
24.06.2024 00:51:50.050,8.34346,8.34201,600,600
24.06.2024 00:51:51.003,8.34349,8.34201,1800,600
24.06.2024 00:51:51.154,8.34349,8.342060000000002,1800,600
24.06.2024 00:51:51.355,8.3435,8.34201,1800,600
24.06.2024 00:51:52.180,8.34349,8.342030000000001,1800,600
24.06.2024 00:51:54.287,8.343580000000001,8.34196,2250,600
24.06.2024 00:51:54.388,8.34357,8.342039999999999,1800,600
24.06.2024 00:51:55.493,8.343560000000002,8.342039999999999,600,600
24.06.2024 00:51:56.045,8.343560000000002,8.34209,600,600
24.06.2024 00:51:58.252,8.343560000000002,8.34207,600,600
24.06.2024 00:52:00.960,8.343580000000001,8.342060000000002,2250,600
24.06.2024 00:52:01.011,8.34357,8.34209,2250,600
24.06.2024 00:52:04.321,8.34357,8.342080000000001,1800,600
24.06.2024 00:52:09.989,8.34368,8.342360000000001,600,600
24.06.2024 00:52:10.091,8.343810000000001,8.342360000000001,1800,600
24.06.2024 00:52:10.143,8.34383,8.34237,600,1800
24.06.2024 00:52:10.197,8.34388,8.34238,600,600
24.06.2024 00:52:10.798,8.34388,8.34243,600,600
24.06.2024 00:52:10.999,8.34389,8.34243,1800,600
24.06.2024 00:52:11.903,8.344000000000001,8.34243,1800,1800
24.06.2024 00:52:12.004,8.34399,8.34248,1800,600
24.06.2024 00:52:12.405,8.34399,8.34252,1800,600
24.06.2024 00:52:12.707,8.34399,8.34247,1800,600
24.06.2024 00:52:13.810,8.34399,8.34252,1800,600
24.06.2024 00:52:17.922,8.343960000000001,8.34247,600,600
24.06.2024 00:52:21.080,8.343960000000001,8.34244,600,2250
24.06.2024 00:52:22.184,8.34399,8.34244,1800,2250
24.06.2024 00:52:22.485,8.34399,8.34246,1800,600
24.06.2024 00:52:30.152,8.34399,8.342450000000001,1800,2250
24.06.2024 00:52:30.353,8.34399,8.34246,1800,600
24.06.2024 00:52:32.909,8.34399,8.342450000000001,1800,1800
24.06.2024 00:52:33.311,8.34392,8.34242,1800,600
24.06.2024 00:52:33.417,8.343910000000001,8.342410000000001,600,600
24.06.2024 00:52:34.069,8.34384,8.3424,600,1800
24.06.2024 00:52:34.620,8.34392,8.3424,1800,1800
24.06.2024 00:52:36.023,8.34392,8.34242,1800,600
24.06.2024 00:52:36.074,8.344000000000001,8.34242,2250,600
24.06.2024 00:52:36.825,8.34392,8.34242,600,600
24.06.2024 00:52:37.978,8.34393,8.34242,600,900
24.06.2024 00:52:39.733,8.343960000000001,8.342450000000001,600,600
24.06.2024 00:52:50.908,8.343960000000001,8.34243,600,900
24.06.2024 00:52:52.612,8.34394,8.34244,600,600
24.06.2024 00:52:56.021,8.34394,8.34256,600,1800
24.06.2024 00:52:56.074,8.34414,8.342680000000001,600,600
24.06.2024 00:52:56.177,8.34421,8.34267,600,600
24.06.2024 00:52:56.479,8.34421,8.342680000000001,1800,600
24.06.2024 00:52:56.530,8.34424,8.34272,600,1800
24.06.2024 00:52:57.282,8.344230000000001,8.34274,600,600
24.06.2024 00:52:57.433,8.344280000000001,8.34274,600,600
24.06.2024 00:52:58.135,8.344280000000001,8.34282,600,1800
24.06.2024 00:52:58.236,8.344330000000001,8.34282,600,2250
24.06.2024 00:53:05.955,8.34435,8.342830000000001,600,600
24.06.2024 00:53:06.707,8.34435,8.34282,600,600
24.06.2024 00:53:08.662,8.344339999999999,8.342810000000002,600,2250
24.06.2024 00:53:09.714,8.34435,8.342810000000002,600,2250
24.06.2024 00:53:09.965,8.344380000000001,8.342830000000001,1800,600
24.06.2024 00:53:17.663,8.34439,8.34299,600,1800
24.06.2024 00:53:17.765,8.34439,8.343010000000001,600,600
24.06.2024 00:53:17.815,8.34439,8.34299,600,1800
24.06.2024 00:53:18.317,8.34452,8.34299,600,1800
24.06.2024 00:53:19.871,8.34454,8.343010000000001,1800,600
24.06.2024 00:53:20.072,8.34452,8.34299,600,1800
24.06.2024 00:53:23.035,8.34452,8.34307,600,600
24.06.2024 00:53:23.437,8.34454,8.34307,1800,600
24.06.2024 00:53:24.241,8.34452,8.34307,600,600
24.06.2024 00:53:24.492,8.34453,8.34298,600,2250
24.06.2024 00:53:26.949,8.34444,8.34299,1800,600
24.06.2024 00:53:27.151,8.34444,8.34304,1800,600
24.06.2024 00:53:29.658,8.34445,8.34295,1800,900
24.06.2024 00:53:31.964,8.34444,8.343010000000001,1800,600
24.06.2024 00:53:36.974,8.344460000000002,8.343010000000001,1800,600
24.06.2024 00:53:37.475,8.34447,8.343020000000001,1800,600
24.06.2024 00:53:37.577,8.344460000000002,8.343010000000001,1800,600
24.06.2024 00:53:37.678,8.344460000000002,8.342960000000001,1800,900
24.06.2024 00:53:39.433,8.34447,8.34293,1800,1800
24.06.2024 00:53:40.736,8.34442,8.34293,600,1800
24.06.2024 00:53:41.037,8.34447,8.34298,1800,600
24.06.2024 00:53:45.794,8.34452,8.34299,1800,600
24.06.2024 00:53:46.801,8.344510000000001,8.34303,600,1800
24.06.2024 00:53:46.902,8.344570000000001,8.343210000000001,600,600
24.06.2024 00:53:47.854,8.34472,8.343210000000001,600,600
24.06.2024 00:53:50.810,8.344710000000001,8.343210000000001,600,600
24.06.2024 00:53:51.211,8.344710000000001,8.343250000000001,600,1800
24.06.2024 00:53:51.813,8.344750000000001,8.343250000000001,1800,1800
24.06.2024 00:54:00.398,8.34476,8.343300000000001,1800,600
24.06.2024 00:54:00.549,8.34478,8.34331,1800,600
24.06.2024 00:54:01.602,8.34478,8.34329,1800,600
24.06.2024 00:54:03.205,8.34479,8.343250000000001,1800,600
24.06.2024 00:54:07.565,8.34477,8.34326,600,600
24.06.2024 00:54:09.521,8.34477,8.34332,600,600
24.06.2024 00:54:09.925,8.34477,8.34327,600,600
24.06.2024 00:54:10.476,8.34469,8.34327,1800,600
24.06.2024 00:54:10.527,8.34467,8.343200000000001,600,1800
24.06.2024 00:54:10.628,8.34478,8.34324,600,600
24.06.2024 00:54:12.833,8.34469,8.343250000000001,600,600
24.06.2024 00:54:12.984,8.34469,8.343200000000001,600,1800
24.06.2024 00:54:17.295,8.34473,8.34322,600,600
24.06.2024 00:54:19.200,8.344710000000001,8.34322,600,600
24.06.2024 00:54:21.812,8.344560000000001,8.34315,1800,600
24.06.2024 00:54:21.863,8.34462,8.34315,1800,600
24.06.2024 00:54:21.964,8.344610000000001,8.34307,600,600
24.06.2024 00:54:23.468,8.34458,8.34307,600,600
24.06.2024 00:54:26.925,8.34454,8.34307,1800,600
24.06.2024 00:54:27.026,8.344510000000001,8.34307,600,600
24.06.2024 00:54:27.827,8.344510000000001,8.34298,600,1800
24.06.2024 00:54:30.885,8.34454,8.343,1800,600
24.06.2024 00:54:34.143,8.344510000000001,8.34298,600,2250
24.06.2024 00:54:37.099,8.34454,8.343010000000001,1800,600
24.06.2024 00:54:38.603,8.34452,8.34298,600,1800
24.06.2024 00:54:40.559,8.34452,8.34297,600,1800
24.06.2024 00:54:40.762,8.34454,8.343010000000001,1800,600
24.06.2024 00:54:43.118,8.344570000000001,8.34305,600,1800
24.06.2024 00:54:43.269,8.34459,8.343210000000001,600,1800
24.06.2024 00:54:43.471,8.34459,8.343250000000001,600,600
24.06.2024 00:54:43.723,8.344800000000001,8.34329,2250,600
24.06.2024 00:54:48.233,8.34482,8.34337,600,1800
24.06.2024 00:54:48.384,8.34482,8.34339,600,600
24.06.2024 00:54:48.986,8.344930000000002,8.34339,1800,600
24.06.2024 00:54:51.392,8.34489,8.34337,600,1800
24.06.2024 00:54:51.493,8.34487,8.34336,600,1800
24.06.2024 00:54:52.546,8.344930000000002,8.34337,2250,1800
24.06.2024 00:54:53.248,8.344930000000002,8.343539999999999,600,1800
24.06.2024 00:54:53.350,8.34494,8.34355,600,600
24.06.2024 00:54:53.801,8.345089999999999,8.3436,600,600
24.06.2024 00:54:54.153,8.345089999999999,8.34364,600,1800
24.06.2024 00:54:54.554,8.34486,8.34364,600,600
24.06.2024 00:54:54.656,8.34486,8.34347,600,1800
24.06.2024 00:54:55.159,8.34486,8.34355,600,1800
24.06.2024 00:54:55.762,8.345089999999999,8.34355,600,1800
24.06.2024 00:54:56.865,8.345110000000002,8.34364,600,1800
24.06.2024 00:54:56.966,8.345110000000002,8.34374,600,1800
24.06.2024 00:54:58.069,8.3452,8.34374,1800,1800
24.06.2024 00:54:58.120,8.345110000000002,8.34373,1800,600
24.06.2024 00:54:59.073,8.345110000000002,8.34365,1800,2250
24.06.2024 00:54:59.274,8.34517,8.34373,600,1800
24.06.2024 00:54:59.425,8.345160000000002,8.34375,600,600
24.06.2024 00:54:59.627,8.345160000000002,8.34374,600,1800
24.06.2024 00:55:00.178,8.3452,8.34395,1800,600
24.06.2024 00:55:00.229,8.34533,8.34395,600,1800
24.06.2024 00:55:00.280,8.345160000000002,8.34401,600,1800
24.06.2024 00:55:00.381,8.34492,8.3439,600,600
24.06.2024 00:55:00.432,8.344930000000002,8.34351,600,1800
24.06.2024 00:55:00.482,8.344930000000002,8.343580000000001,600,1800
24.06.2024 00:55:00.584,8.34492,8.34372,600,1800
24.06.2024 00:55:00.735,8.34492,8.343810000000001,600,1800
24.06.2024 00:55:00.986,8.34517,8.3438,600,1800
24.06.2024 00:55:01.237,8.345160000000002,8.34379,600,1800
24.06.2024 00:55:01.940,8.345160000000002,8.34374,600,1800
24.06.2024 00:55:02.041,8.34515,8.343810000000001,600,600
24.06.2024 00:55:03.144,8.34525,8.343810000000001,2250,600
24.06.2024 00:55:03.797,8.34525,8.34389,600,1800
24.06.2024 00:55:04.349,8.34533,8.34389,600,1800
24.06.2024 00:55:05.452,8.34525,8.34389,600,1800
24.06.2024 00:55:06.455,8.34535,8.34392,1800,600
24.06.2024 00:55:07.615,8.34534,8.34389,1800,1800
24.06.2024 00:55:08.719,8.34527,8.343910000000001,600,600
24.06.2024 00:55:08.921,8.345260000000001,8.344000000000001,600,1800
24.06.2024 00:55:09.923,8.34542,8.34406,600,600
24.06.2024 00:55:12.784,8.34539,8.34407,600,600
24.06.2024 00:55:13.287,8.345410000000001,8.34407,600,600
24.06.2024 00:55:13.789,8.345410000000001,8.344000000000001,600,1800
24.06.2024 00:55:14.942,8.345410000000001,8.34408,600,1800
24.06.2024 00:55:15.045,8.345410000000001,8.34414,600,1800
24.06.2024 00:55:15.498,8.345650000000001,8.34431,600,600
24.06.2024 00:55:17.602,8.345650000000001,8.3444,600,1800
24.06.2024 00:55:17.704,8.345880000000001,8.344560000000001,600,1800
24.06.2024 00:55:17.755,8.345960000000002,8.344560000000001,900,1800
24.06.2024 00:55:21.366,8.345960000000002,8.34455,600,1800
24.06.2024 00:55:22.069,8.34581,8.34454,600,1800
24.06.2024 00:55:23.723,8.34579,8.344460000000002,1800,600
24.06.2024 00:55:24.426,8.345650000000001,8.34431,600,600
24.06.2024 00:55:25.680,8.34572,8.344380000000001,600,600
24.06.2024 00:55:27.034,8.34566,8.3443,600,600
24.06.2024 00:55:32.746,8.34572,8.3443,600,1800
24.06.2024 00:55:34.953,8.345730000000001,8.34431,600,1800
24.06.2024 00:55:35.154,8.34571,8.34432,600,1800
24.06.2024 00:55:36.358,8.34574,8.34432,600,1800
24.06.2024 00:55:41.570,8.34575,8.34432,600,2250
24.06.2024 00:55:41.971,8.345600000000001,8.34432,1800,600
24.06.2024 00:55:42.123,8.34557,8.34432,600,600
24.06.2024 00:55:42.224,8.345650000000001,8.34432,600,600
24.06.2024 00:55:42.575,8.345650000000001,8.34424,600,600
24.06.2024 00:55:44.912,8.34564,8.34421,600,2250
24.06.2024 00:55:46.617,8.345650000000001,8.34421,600,1800
24.06.2024 00:55:47.320,8.34571,8.344280000000001,600,600
24.06.2024 00:55:49.429,8.34571,8.344380000000001,600,1800
24.06.2024 00:55:50.080,8.34579,8.344380000000001,600,1800
24.06.2024 00:55:52.689,8.34576,8.344380000000001,600,1800
24.06.2024 00:55:53.341,8.34571,8.344380000000001,600,1800
24.06.2024 00:55:54.595,8.345650000000001,8.344380000000001,600,1800
24.06.2024 00:55:56.602,8.345650000000001,8.34431,600,600
24.06.2024 00:55:58.857,8.34557,8.344230000000001,600,600
24.06.2024 00:56:00.266,8.34551,8.344230000000001,1800,600
24.06.2024 00:56:00.417,8.34542,8.344230000000001,600,600
