Gmt time,Ask,Bid,AskVolume,BidVolume
24.06.2024 06:00:00.248,396.38800000000003,396.20300000000003,900,900
24.06.2024 06:00:00.450,396.379,396.197,900,900
24.06.2024 06:00:00.603,396.37699999999995,396.192,900,900
24.06.2024 06:00:01.710,396.37199999999996,396.202,900,900
24.06.2024 06:00:09.690,396.385,396.21500000000003,900,900
24.06.2024 06:00:09.792,396.382,396.216,900,900
24.06.2024 06:00:09.843,396.396,396.227,900,900
24.06.2024 06:00:10.446,396.402,396.23,900,900
24.06.2024 06:00:10.900,396.40000000000003,396.23400000000004,900,900
24.06.2024 06:00:11.704,396.397,396.249,900,900
24.06.2024 06:00:20.554,396.41,396.265,900,900
24.06.2024 06:00:20.605,396.416,396.267,900,900
24.06.2024 06:00:21.613,396.417,396.272,900,900
24.06.2024 06:00:21.715,396.42300000000006,396.26300000000003,900,900
24.06.2024 06:00:21.766,396.43,396.28000000000003,900,900
24.06.2024 06:00:21.867,396.44,396.28000000000003,900,900
24.06.2024 06:00:23.731,396.441,396.286,900,900
24.06.2024 06:00:23.883,396.43199999999996,396.27500000000003,900,900
24.06.2024 06:00:30.107,396.42900000000003,396.27,900,900
24.06.2024 06:00:30.410,396.42300000000006,396.269,900,900
24.06.2024 06:00:30.562,396.417,396.256,900,900
24.06.2024 06:00:30.613,396.42400000000004,396.267,900,900
24.06.2024 06:00:30.966,396.42,396.265,900,900
24.06.2024 06:00:31.318,396.41400000000004,396.257,900,900
24.06.2024 06:00:32.125,396.416,396.262,900,900
24.06.2024 06:00:32.578,396.41400000000004,396.255,900,900
24.06.2024 06:00:32.729,396.412,396.256,900,900
24.06.2024 06:00:33.334,396.404,396.249,900,900
24.06.2024 06:00:33.687,396.397,396.235,900,900
24.06.2024 06:00:33.788,396.39300000000003,396.23300000000006,900,900
24.06.2024 06:00:33.889,396.38,396.218,900,900
24.06.2024 06:00:34.645,396.38599999999997,396.22900000000004,900,900
24.06.2024 06:00:35.247,396.37699999999995,396.217,900,900
24.06.2024 06:00:35.550,396.38300000000004,396.22800000000007,900,900
24.06.2024 06:00:46.684,396.376,396.222,900,900
24.06.2024 06:00:46.987,396.37699999999995,396.223,900,900
24.06.2024 06:00:47.290,396.385,396.22900000000004,900,900
24.06.2024 06:00:47.442,396.38599999999997,396.23400000000004,900,900
24.06.2024 06:00:47.643,396.392,396.24,900,900
24.06.2024 06:00:48.749,396.398,396.245,900,900
24.06.2024 06:00:50.477,396.403,396.246,900,900
24.06.2024 06:00:50.780,396.40900000000005,396.25199999999995,900,900
24.06.2024 06:00:50.933,396.408,396.254,900,900
24.06.2024 06:00:51.738,396.408,396.265,900,900
24.06.2024 06:00:53.394,396.416,396.273,900,900
24.06.2024 06:00:53.546,396.42400000000004,396.278,900,900
24.06.2024 06:00:53.749,396.425,396.279,900,900
24.06.2024 06:00:54.051,396.42900000000003,396.285,900,900
24.06.2024 06:00:54.102,396.407,396.24199999999996,900,450
24.06.2024 06:00:54.203,396.407,396.241,900,900
24.06.2024 06:00:54.706,396.40500000000003,396.23800000000006,900,450
24.06.2024 06:00:54.807,396.40500000000003,396.23900000000003,900,450
24.06.2024 06:00:55.209,396.408,396.23900000000003,900,450
24.06.2024 06:00:55.310,396.408,396.23800000000006,900,450
24.06.2024 06:00:58.971,396.41,396.23900000000003,900,900
24.06.2024 06:01:00.377,396.41,396.23800000000006,900,1350
24.06.2024 06:01:00.680,396.412,396.24199999999996,900,450
24.06.2024 06:01:00.781,396.412,396.24,900,900
24.06.2024 06:01:07.151,396.40500000000003,396.23800000000006,900,450
24.06.2024 06:01:07.253,396.396,396.22800000000007,900,450
24.06.2024 06:01:07.303,396.38300000000004,396.22800000000007,900,450
24.06.2024 06:01:07.354,396.375,396.207,900,450
24.06.2024 06:01:07.405,396.35400000000004,396.207,900,450
24.06.2024 06:01:07.456,396.35400000000004,396.189,900,450
24.06.2024 06:01:07.557,396.352,396.189,900,450
24.06.2024 06:01:07.659,396.32800000000003,396.16900000000004,900,900
24.06.2024 06:01:07.760,396.31800000000004,396.151,900,450
24.06.2024 06:01:07.911,396.31,396.151,900,450
24.06.2024 06:01:08.013,396.292,396.151,900,450
24.06.2024 06:01:08.064,396.292,396.134,900,900
24.06.2024 06:01:08.115,396.28400000000005,396.134,900,900
24.06.2024 06:01:08.166,396.28400000000005,396.12199999999996,900,450
24.06.2024 06:01:08.217,396.27500000000003,396.12199999999996,900,450
24.06.2024 06:01:08.318,396.26099999999997,396.11300000000006,900,450
24.06.2024 06:01:08.369,396.274,396.10300000000007,900,900
24.06.2024 06:01:08.520,396.29400000000004,396.12199999999996,900,900
24.06.2024 06:01:08.974,396.28900000000004,396.11699999999996,900,450
24.06.2024 06:01:10.430,396.30300000000005,396.131,900,900
24.06.2024 06:01:11.284,396.29800000000006,396.126,900,450
24.06.2024 06:01:11.385,396.29,396.12199999999996,900,450
24.06.2024 06:01:11.487,396.281,396.121,900,450
24.06.2024 06:01:11.789,396.276,396.121,900,450
24.06.2024 06:01:12.091,396.277,396.121,900,450
24.06.2024 06:01:12.192,396.283,396.121,900,450
24.06.2024 06:01:12.243,396.283,396.11800000000005,900,450
24.06.2024 06:01:12.294,396.288,396.11800000000005,900,450
24.06.2024 06:01:15.875,396.29699999999997,396.12699999999995,900,900
24.06.2024 06:01:15.977,396.29699999999997,396.131,900,450
24.06.2024 06:01:16.178,396.29699999999997,396.12699999999995,900,900
24.06.2024 06:01:17.335,396.29300000000006,396.12199999999996,900,900
24.06.2024 06:01:17.386,396.29300000000006,396.125,900,450
24.06.2024 06:01:18.441,396.29300000000006,396.12199999999996,900,900
24.06.2024 06:01:18.643,396.29300000000006,396.129,900,450
24.06.2024 06:01:18.844,396.29300000000006,396.12800000000004,900,450
24.06.2024 06:01:19.045,396.29300000000006,396.125,900,450
24.06.2024 06:01:19.447,396.29300000000006,396.124,900,450
24.06.2024 06:01:20.149,396.3,396.13,900,900
24.06.2024 06:01:20.401,396.30199999999996,396.132,900,900
24.06.2024 06:01:20.854,396.30199999999996,396.135,900,450
24.06.2024 06:01:21.156,396.30199999999996,396.132,900,1350
24.06.2024 06:01:26.074,396.30199999999996,396.134,900,450
24.06.2024 06:01:26.175,396.30199999999996,396.135,900,450
24.06.2024 06:01:26.577,396.30199999999996,396.134,900,450
24.06.2024 06:01:28.839,396.30199999999996,396.135,900,450
24.06.2024 06:01:29.894,396.30199999999996,396.137,900,450
24.06.2024 06:01:30.348,396.30300000000005,396.137,900,450
24.06.2024 06:01:33.310,396.305,396.137,900,450
24.06.2024 06:01:47.809,396.30400000000003,396.137,900,450
24.06.2024 06:01:50.170,396.29300000000006,396.137,900,450
24.06.2024 06:01:50.271,396.291,396.129,900,450
24.06.2024 06:01:50.372,396.286,396.12800000000004,900,450
24.06.2024 06:01:50.474,396.286,396.12300000000005,900,450
24.06.2024 06:01:50.525,396.28000000000003,396.12300000000005,900,450
24.06.2024 06:01:50.576,396.28000000000003,396.11699999999996,900,450
24.06.2024 06:01:50.778,396.28000000000003,396.11800000000005,900,450
24.06.2024 06:01:51.079,396.28000000000003,396.115,900,450
24.06.2024 06:01:51.281,396.28000000000003,396.124,900,450
24.06.2024 06:01:51.484,396.28000000000003,396.12300000000005,900,450
24.06.2024 06:01:51.886,396.28000000000003,396.121,900,450
24.06.2024 06:01:52.790,396.28000000000003,396.12300000000005,900,450
24.06.2024 06:01:52.841,396.29,396.12300000000005,900,450
24.06.2024 06:01:52.892,396.29,396.13300000000004,900,450
24.06.2024 06:01:53.497,396.29,396.12800000000004,900,450
24.06.2024 06:01:53.909,396.29,396.129,900,450
24.06.2024 06:01:54.111,396.29,396.12699999999995,900,450
24.06.2024 06:01:55.016,396.295,396.12699999999995,900,450
24.06.2024 06:01:55.067,396.295,396.129,900,450
24.06.2024 06:01:55.269,396.295,396.134,900,450
24.06.2024 06:01:55.370,396.29400000000004,396.134,900,450
24.06.2024 06:01:56.477,396.29400000000004,396.131,900,450
24.06.2024 06:01:56.979,396.29400000000004,396.13,900,450
24.06.2024 06:01:57.381,396.29400000000004,396.12800000000004,900,450
24.06.2024 06:01:58.485,396.29400000000004,396.13,900,450
24.06.2024 06:01:59.790,396.29400000000004,396.132,900,450
24.06.2024 06:02:00.142,396.29400000000004,396.131,900,450
24.06.2024 06:02:00.844,396.29400000000004,396.135,900,450
24.06.2024 06:02:01.547,396.29400000000004,396.134,900,450
24.06.2024 06:02:03.755,396.29400000000004,396.135,900,450
24.06.2024 06:02:04.158,396.29400000000004,396.13300000000004,900,450
24.06.2024 06:02:05.163,396.29400000000004,396.137,900,450
24.06.2024 06:02:05.214,396.29900000000004,396.137,900,450
24.06.2024 06:02:07.073,396.29800000000006,396.137,900,450
24.06.2024 06:02:13.194,396.295,396.137,900,450
24.06.2024 06:02:13.295,396.286,396.137,900,450
24.06.2024 06:02:13.446,396.286,396.12800000000004,900,450
24.06.2024 06:02:13.950,396.286,396.132,900,450
24.06.2024 06:02:14.754,396.286,396.131,900,450
24.06.2024 06:02:15.258,396.286,396.126,900,450
24.06.2024 06:02:15.460,396.286,396.131,900,450
24.06.2024 06:02:15.762,396.286,396.12800000000004,900,450
24.06.2024 06:02:16.867,396.286,396.13,900,450
24.06.2024 06:02:17.219,396.286,396.132,900,450
24.06.2024 06:02:18.324,396.286,396.13300000000004,900,450
24.06.2024 06:02:19.026,396.286,396.12699999999995,900,450
24.06.2024 06:02:19.730,396.286,396.13599999999997,900,450
24.06.2024 06:02:21.185,396.292,396.13599999999997,900,450
24.06.2024 06:02:21.387,396.29,396.13599999999997,900,450
24.06.2024 06:02:21.889,396.29800000000006,396.13599999999997,900,450
24.06.2024 06:02:21.940,396.29,396.13599999999997,900,450
24.06.2024 06:02:30.964,396.30699999999996,396.171,900,900
24.06.2024 06:02:31.014,396.31800000000004,396.18,900,900
24.06.2024 06:02:32.019,396.32300000000004,396.18699999999995,900,900
24.06.2024 06:02:33.726,396.33,396.19300000000004,900,900
24.06.2024 06:02:33.777,396.339,396.202,900,900
24.06.2024 06:02:33.929,396.347,396.211,900,900
24.06.2024 06:02:34.736,396.355,396.21900000000005,900,900
24.06.2024 06:02:34.837,396.36300000000006,396.226,900,900
24.06.2024 06:02:36.947,396.35800000000006,396.22800000000007,900,900
24.06.2024 06:02:43.067,396.351,396.221,900,900
24.06.2024 06:02:48.990,396.36199999999997,396.23199999999997,900,900
24.06.2024 06:02:54.009,396.36699999999996,396.23699999999997,900,900
24.06.2024 06:03:00.132,396.37300000000005,396.24300000000005,900,900
24.06.2024 06:03:00.236,396.392,396.26099999999997,900,900
24.06.2024 06:03:02.696,396.38300000000004,396.25300000000004,900,900
24.06.2024 06:03:10.678,396.371,396.241,900,900
24.06.2024 06:03:10.779,396.365,396.235,900,900
24.06.2024 06:03:11.132,396.36,396.23,900,900
24.06.2024 06:03:13.692,396.35400000000004,396.22400000000005,900,900
24.06.2024 06:03:13.944,396.35800000000006,396.22800000000007,900,900
24.06.2024 06:03:14.999,396.34900000000005,396.21900000000005,900,900
24.06.2024 06:03:15.558,396.35699999999997,396.227,900,900
24.06.2024 06:03:15.912,396.36800000000005,396.23800000000006,900,900
24.06.2024 06:03:16.013,396.374,396.244,900,900
24.06.2024 06:03:16.365,396.37800000000004,396.24800000000005,900,900
24.06.2024 06:03:20.529,396.37300000000005,396.24300000000005,900,900
24.06.2024 06:03:20.630,396.36800000000005,396.23800000000006,900,900
24.06.2024 06:03:20.731,396.361,396.231,900,900
24.06.2024 06:03:24.594,396.36199999999997,396.23199999999997,900,900
24.06.2024 06:03:25.046,396.36699999999996,396.23699999999997,900,900
24.06.2024 06:03:25.147,396.369,396.23900000000003,900,900
24.06.2024 06:03:37.086,396.375,396.245,900,900
24.06.2024 06:03:37.187,396.381,396.251,900,900
24.06.2024 06:03:37.489,396.385,396.255,900,900
24.06.2024 06:03:37.590,396.391,396.26099999999997,900,900
24.06.2024 06:03:37.692,396.392,396.262,900,900
24.06.2024 06:03:38.194,396.38800000000003,396.25800000000004,900,900
24.06.2024 06:03:42.446,396.392,396.262,900,900
24.06.2024 06:03:43.853,396.395,396.265,900,900
24.06.2024 06:03:48.271,396.399,396.269,900,900
24.06.2024 06:03:48.422,396.394,396.264,900,900
24.06.2024 06:03:49.076,396.398,396.26800000000003,900,900
24.06.2024 06:03:52.087,396.395,396.265,900,900
24.06.2024 06:04:02.472,396.401,396.271,900,900
24.06.2024 06:04:06.286,396.407,396.277,900,900
24.06.2024 06:04:10.853,396.402,396.272,900,900
24.06.2024 06:04:15.221,396.397,396.267,900,900
24.06.2024 06:04:24.905,396.392,396.262,900,900
24.06.2024 06:04:25.458,396.381,396.251,900,900
24.06.2024 06:04:25.559,396.36,396.23,900,900
24.06.2024 06:04:25.661,396.355,396.225,900,900
24.06.2024 06:04:25.762,396.34900000000005,396.21900000000005,900,900
24.06.2024 06:04:26.416,396.35400000000004,396.22400000000005,900,900
24.06.2024 06:04:26.517,396.35800000000006,396.22800000000007,900,900
24.06.2024 06:04:26.618,396.36300000000006,396.23300000000006,900,900
24.06.2024 06:04:26.871,396.36800000000005,396.23800000000006,900,900
24.06.2024 06:04:29.580,396.36300000000006,396.23300000000006,900,900
24.06.2024 06:04:29.681,396.365,396.235,900,900
24.06.2024 06:04:29.882,396.369,396.23900000000003,900,900
24.06.2024 06:04:29.984,396.37199999999996,396.24199999999996,900,900
24.06.2024 06:04:30.689,396.376,396.246,900,900
24.06.2024 06:04:31.694,396.38,396.25,900,900
24.06.2024 06:04:33.203,396.385,396.255,900,900
24.06.2024 06:04:36.263,396.39,396.26,900,900
24.06.2024 06:04:37.067,396.394,396.264,900,900
24.06.2024 06:04:39.378,396.401,396.27,900,900
24.06.2024 06:04:43.038,396.408,396.277,900,900
24.06.2024 06:04:43.140,396.401,396.271,900,900
24.06.2024 06:04:59.288,396.406,396.276,900,900
24.06.2024 06:04:59.440,396.412,396.281,900,900
24.06.2024 06:04:59.994,396.40000000000003,396.27,900,900
24.06.2024 06:05:09.375,396.394,396.264,900,900
24.06.2024 06:05:11.719,396.382,396.249,900,450
24.06.2024 06:05:11.770,396.381,396.23,900,1350
24.06.2024 06:05:11.821,396.37199999999996,396.23,900,450
24.06.2024 06:05:11.872,396.36199999999997,396.218,900,900
24.06.2024 06:05:11.923,396.35699999999997,396.218,900,900
24.06.2024 06:05:11.974,396.35699999999997,396.211,900,900
24.06.2024 06:05:12.074,396.345,396.19800000000004,900,900
24.06.2024 06:05:12.125,396.338,396.191,900,1350
24.06.2024 06:05:12.578,396.341,396.19300000000004,900,900
24.06.2024 06:05:13.985,396.341,396.197,900,450
24.06.2024 06:05:14.086,396.356,396.209,900,900
24.06.2024 06:05:14.387,396.355,396.209,900,900
24.06.2024 06:05:15.040,396.355,396.20300000000003,900,900
24.06.2024 06:05:16.397,396.34900000000005,396.2,900,900
24.06.2024 06:05:19.657,396.342,396.19599999999997,900,900
24.06.2024 06:05:19.809,396.337,396.189,900,900
24.06.2024 06:05:40.028,396.336,396.18699999999995,900,900
24.06.2024 06:05:40.180,396.325,396.17800000000005,900,450
24.06.2024 06:05:40.281,396.325,396.17699999999996,900,900
24.06.2024 06:05:43.546,396.32800000000003,396.18300000000005,900,900
24.06.2024 06:05:43.798,396.333,396.186,900,900
24.06.2024 06:05:45.658,396.33500000000004,396.18699999999995,900,900
24.06.2024 06:05:49.316,396.336,396.18800000000005,900,900
24.06.2024 06:06:10.332,396.327,396.18,900,900
24.06.2024 06:06:10.784,396.325,396.17699999999996,900,900
24.06.2024 06:06:11.188,396.31800000000004,396.17,900,900
24.06.2024 06:06:11.289,396.311,396.161,900,900
24.06.2024 06:06:11.993,396.311,396.162,900,900
24.06.2024 06:06:12.697,396.316,396.17,900,900
24.06.2024 06:06:38.085,396.324,396.17400000000004,900,900
24.06.2024 06:06:38.186,396.345,396.199,900,900
24.06.2024 06:06:38.640,396.355,396.208,900,900
24.06.2024 06:06:39.445,396.35800000000006,396.211,900,900
24.06.2024 06:06:39.949,396.35900000000004,396.211,900,900
24.06.2024 06:06:40.602,396.36400000000003,396.217,900,900
24.06.2024 06:06:40.754,396.36199999999997,396.21500000000003,900,900
24.06.2024 06:06:41.258,396.361,396.214,900,900
24.06.2024 06:06:41.962,396.36,396.213,900,900
24.06.2024 06:06:44.872,396.371,396.23400000000004,900,900
24.06.2024 06:07:00.309,396.374,396.235,900,900
24.06.2024 06:07:01.214,396.376,396.24199999999996,900,900
24.06.2024 06:07:01.919,396.38300000000004,396.246,900,900
24.06.2024 06:07:18.120,396.385,396.25,900,900
24.06.2024 06:07:18.522,396.391,396.256,900,900
24.06.2024 06:07:18.624,396.396,396.26,900,900
24.06.2024 06:07:28.806,396.398,396.26099999999997,900,900
24.06.2024 06:07:39.163,396.40000000000003,396.266,900,900
24.06.2024 06:07:46.082,396.40500000000003,396.269,900,900
24.06.2024 06:07:46.133,396.408,396.272,900,900
24.06.2024 06:07:47.490,396.412,396.27500000000003,900,900
24.06.2024 06:07:56.371,396.41900000000004,396.283,900,900
24.06.2024 06:07:56.523,396.42800000000005,396.29,900,900
24.06.2024 06:07:56.674,396.42300000000006,396.28900000000004,900,900
24.06.2024 06:07:57.227,396.42400000000004,396.288,900,900
24.06.2024 06:08:01.744,396.425,396.295,900,900
24.06.2024 06:08:06.861,396.43199999999996,396.30199999999996,900,900
24.06.2024 06:08:11.730,396.42400000000004,396.286,900,900
24.06.2024 06:08:11.780,396.416,396.28000000000003,900,900
24.06.2024 06:08:11.882,396.408,396.272,900,900
24.06.2024 06:08:13.723,396.398,396.26099999999997,900,900
24.06.2024 06:08:13.824,396.392,396.256,900,900
24.06.2024 06:08:14.179,396.408,396.27,900,900
24.06.2024 06:08:14.280,396.413,396.276,900,900
24.06.2024 06:08:14.382,396.43,396.29300000000006,900,900
24.06.2024 06:08:15.288,396.421,396.285,900,900
24.06.2024 06:08:15.389,396.436,396.3,900,900
24.06.2024 06:08:25.313,396.43800000000005,396.30400000000003,900,900
24.06.2024 06:08:25.917,396.44,396.30400000000003,900,900
24.06.2024 06:08:29.028,396.43800000000005,396.30199999999996,900,900
24.06.2024 06:08:29.230,396.436,396.301,900,900
24.06.2024 06:08:36.204,396.42699999999996,396.292,900,900
24.06.2024 06:08:37.259,396.426,396.291,900,900
24.06.2024 06:08:43.834,396.425,396.28900000000004,900,900
24.06.2024 06:09:00.155,396.416,396.279,900,900
24.06.2024 06:09:00.909,396.413,396.277,900,900
24.06.2024 06:09:01.814,396.403,396.256,900,900
24.06.2024 06:09:01.915,396.402,396.255,900,900
24.06.2024 06:09:08.483,396.41,396.26099999999997,900,900
24.06.2024 06:09:08.534,396.404,396.257,900,900
24.06.2024 06:09:08.988,396.41,396.26,900,900
24.06.2024 06:09:09.089,396.402,396.25199999999995,900,900
24.06.2024 06:09:09.342,396.396,396.249,900,900
24.06.2024 06:09:16.666,396.39,396.24199999999996,900,900
24.06.2024 06:09:26.698,396.391,396.245,900,900
24.06.2024 06:09:28.639,396.389,396.24,900,900
24.06.2024 06:09:28.941,396.384,396.23900000000003,900,900
24.06.2024 06:09:29.144,396.379,396.23199999999997,900,900
24.06.2024 06:09:37.424,396.392,396.254,900,900
24.06.2024 06:09:37.525,396.402,396.266,900,900
24.06.2024 06:09:37.677,396.408,396.273,900,900
24.06.2024 06:09:53.916,396.401,396.264,900,900
24.06.2024 06:09:54.118,396.40000000000003,396.264,900,900
24.06.2024 06:09:54.320,396.404,396.26800000000003,900,900
24.06.2024 06:09:54.923,396.406,396.269,900,900
24.06.2024 06:10:11.833,396.406,396.276,900,900
24.06.2024 06:10:12.386,396.42,396.28900000000004,900,900
24.06.2024 06:10:12.488,396.412,396.282,900,900
24.06.2024 06:10:21.713,396.41,396.274,900,900
24.06.2024 06:10:22.868,396.40500000000003,396.26800000000003,900,900
24.06.2024 06:10:29.291,396.412,396.274,900,900
24.06.2024 06:10:30.900,396.417,396.281,900,900
24.06.2024 06:10:31.804,396.42300000000006,396.287,900,900
24.06.2024 06:10:31.956,396.41900000000004,396.283,900,900
24.06.2024 06:10:33.111,396.43199999999996,396.30199999999996,900,900
24.06.2024 06:10:35.370,396.43699999999995,396.30699999999996,900,900
24.06.2024 06:10:52.179,396.44599999999997,396.316,900,900
24.06.2024 06:11:05.020,396.44800000000004,396.317,900,900
24.06.2024 06:11:07.880,396.44599999999997,396.316,900,900
24.06.2024 06:11:26.415,396.441,396.311,900,900
24.06.2024 06:11:26.516,396.44599999999997,396.316,900,900
24.06.2024 06:11:27.320,396.441,396.311,900,900
24.06.2024 06:11:30.429,396.44599999999997,396.316,900,900
24.06.2024 06:11:32.538,396.452,396.322,900,900
24.06.2024 06:11:32.740,396.447,396.317,900,900
24.06.2024 06:11:40.314,396.441,396.311,900,900
24.06.2024 06:11:46.683,396.447,396.315,900,900
24.06.2024 06:11:46.734,396.452,396.32099999999997,900,900
24.06.2024 06:11:48.793,396.444,396.314,900,900
24.06.2024 06:11:49.095,396.43800000000005,396.30800000000005,900,900
24.06.2024 06:11:49.698,396.441,396.311,900,900
24.06.2024 06:12:04.116,396.43800000000005,396.30800000000005,900,900
24.06.2024 06:12:04.320,396.44599999999997,396.316,900,900
24.06.2024 06:12:05.425,396.43699999999995,396.30699999999996,900,900
24.06.2024 06:12:06.278,396.43199999999996,396.30199999999996,900,900
24.06.2024 06:12:09.089,396.42800000000005,396.29800000000006,900,900
24.06.2024 06:12:17.623,396.44800000000004,396.265,900,450
24.06.2024 06:12:18.075,396.456,396.265,450,450
24.06.2024 06:12:21.535,396.447,396.265,900,450
24.06.2024 06:12:21.736,396.41800000000006,396.288,900,900
24.06.2024 06:12:26.407,396.42300000000006,396.29300000000006,900,900
24.06.2024 06:12:26.812,396.43,396.3,900,900
24.06.2024 06:12:30.375,396.451,396.31,900,900
24.06.2024 06:12:30.677,396.45,396.31,900,900
24.06.2024 06:12:30.778,396.447,396.306,900,900
24.06.2024 06:12:35.858,396.441,396.30199999999996,900,900
24.06.2024 06:12:41.374,396.451,396.309,900,900
24.06.2024 06:12:41.425,396.455,396.314,900,900
24.06.2024 06:12:57.220,396.463,396.322,900,900
24.06.2024 06:13:03.245,396.461,396.319,900,900
24.06.2024 06:13:16.687,396.461,396.32099999999997,900,900
24.06.2024 06:13:27.801,396.46000000000004,396.317,900,900
24.06.2024 06:13:28.355,396.45300000000003,396.31,900,900
24.06.2024 06:13:28.958,396.45,396.30400000000003,900,900
24.06.2024 06:13:32.167,396.449,396.30400000000003,900,900
24.06.2024 06:13:36.032,396.44800000000004,396.30400000000003,900,900
24.06.2024 06:13:40.347,396.449,396.305,900,900
24.06.2024 06:13:40.398,396.44800000000004,396.3,900,900
24.06.2024 06:13:40.500,396.44,396.296,900,900
24.06.2024 06:13:50.582,396.441,396.29900000000004,900,900
24.06.2024 06:14:08.912,396.454,396.311,900,900
24.06.2024 06:14:09.667,396.476,396.32099999999997,900,900
24.06.2024 06:14:14.284,396.485,396.338,450,900
24.06.2024 06:14:14.385,396.522,396.37699999999995,900,900
24.06.2024 06:14:14.487,396.546,396.39300000000003,900,900
24.06.2024 06:14:14.789,396.551,396.40000000000003,450,900
24.06.2024 06:14:14.890,396.551,396.415,450,900
24.06.2024 06:14:14.941,396.57099999999997,396.415,900,900
24.06.2024 06:14:15.092,396.574,396.42400000000004,450,900
24.06.2024 06:14:15.194,396.575,396.426,450,900
24.06.2024 06:14:16.449,396.575,396.42300000000006,450,900
24.06.2024 06:14:20.062,396.575,396.43,450,900
24.06.2024 06:14:20.113,396.59000000000003,396.43699999999995,900,900
24.06.2024 06:14:20.265,396.592,396.439,450,900
24.06.2024 06:14:20.316,396.60300000000007,396.44800000000004,900,900
24.06.2024 06:14:24.682,396.59900000000005,396.44800000000004,900,900
24.06.2024 06:14:24.984,396.60699999999997,396.452,900,900
24.06.2024 06:14:25.135,396.61699999999996,396.463,900,900
24.06.2024 06:14:27.895,396.61699999999996,396.464,900,900
24.06.2024 06:14:28.599,396.61800000000005,396.46500000000003,900,900
24.06.2024 06:14:29.604,396.619,396.46500000000003,900,900
24.06.2024 06:14:43.454,396.621,396.46900000000005,900,900
24.06.2024 06:14:43.556,396.62699999999995,396.47400000000005,900,900
24.06.2024 06:14:43.808,396.634,396.48199999999997,900,900
24.06.2024 06:14:43.909,396.648,396.49300000000005,900,900
24.06.2024 06:14:44.062,396.652,396.49800000000005,900,900
24.06.2024 06:15:00.062,396.642,396.48900000000003,900,900
24.06.2024 06:15:00.113,396.637,396.48300000000006,900,900
24.06.2024 06:15:00.164,396.616,396.463,900,900
24.06.2024 06:15:00.316,396.60699999999997,396.454,900,900
24.06.2024 06:15:00.568,396.60300000000007,396.45,900,900
24.06.2024 06:15:00.821,396.605,396.454,900,900
24.06.2024 06:15:00.972,396.61300000000006,396.46000000000004,900,900
24.06.2024 06:15:01.475,396.61800000000005,396.466,900,900
24.06.2024 06:15:04.839,396.611,396.457,900,900
24.06.2024 06:15:05.091,396.60300000000007,396.45,900,900
24.06.2024 06:15:05.494,396.611,396.455,900,900
24.06.2024 06:15:10.613,396.60900000000004,396.456,900,900
24.06.2024 06:15:10.865,396.61199999999997,396.458,900,900
24.06.2024 06:15:24.325,396.619,396.464,900,900
24.06.2024 06:15:24.376,396.61199999999997,396.461,900,900
24.06.2024 06:15:24.478,396.629,396.477,900,900
24.06.2024 06:15:24.529,396.642,396.494,900,900
24.06.2024 06:15:24.579,396.651,396.49800000000005,900,900
24.06.2024 06:15:25.485,396.66400000000004,396.507,900,900
24.06.2024 06:15:25.536,396.656,396.504,900,900
24.06.2024 06:15:26.340,396.649,396.496,900,900
24.06.2024 06:15:26.541,396.649,396.49,900,900
24.06.2024 06:15:26.643,396.644,396.48900000000003,900,900
24.06.2024 06:15:28.149,396.62199999999996,396.47800000000007,900,900
24.06.2024 06:15:45.115,396.63300000000004,396.48300000000006,900,900
24.06.2024 06:15:45.818,396.62800000000004,396.486,900,900
24.06.2024 06:15:45.970,396.64,396.49800000000005,900,900
24.06.2024 06:15:46.072,396.63,396.48900000000003,900,900
24.06.2024 06:15:46.625,396.656,396.5,900,900
24.06.2024 06:15:48.097,396.654,396.50199999999995,900,900
24.06.2024 06:15:48.249,396.66400000000004,396.512,450,900
24.06.2024 06:15:48.802,396.66400000000004,396.507,450,900
24.06.2024 06:15:49.355,396.66400000000004,396.512,450,900
24.06.2024 06:15:49.457,396.66400000000004,396.51300000000003,450,900
24.06.2024 06:15:49.609,396.66400000000004,396.51800000000003,450,900
24.06.2024 06:15:49.659,396.68,396.527,450,900
24.06.2024 06:15:49.710,396.68,396.533,450,900
24.06.2024 06:15:49.761,396.691,396.53900000000004,900,900
24.06.2024 06:15:49.812,396.691,396.546,900,900
24.06.2024 06:15:49.913,396.694,396.556,450,900
24.06.2024 06:15:49.964,396.71000000000004,396.556,450,900
24.06.2024 06:15:50.166,396.713,396.556,450,900
24.06.2024 06:15:57.196,396.713,396.55400000000003,450,900
24.06.2024 06:15:57.899,396.713,396.55800000000005,450,900
24.06.2024 06:15:57.950,396.708,396.54699999999997,900,900
24.06.2024 06:15:58.002,396.708,396.55400000000003,900,900
24.06.2024 06:15:58.354,396.705,396.54900000000004,900,900
24.06.2024 06:15:58.807,396.70300000000003,396.54800000000006,900,900
24.06.2024 06:15:58.909,396.685,396.532,900,900
24.06.2024 06:16:00.218,396.68199999999996,396.528,900,900
24.06.2024 06:16:05.032,396.671,396.523,900,900
24.06.2024 06:16:05.235,396.663,396.512,900,900
24.06.2024 06:16:07.697,396.657,396.506,900,900
24.06.2024 06:16:07.949,396.658,396.51,900,900
24.06.2024 06:16:13.264,396.66800000000006,396.515,900,900
24.06.2024 06:16:13.314,396.647,396.499,900,900
24.06.2024 06:16:13.416,396.641,396.495,900,900
24.06.2024 06:16:13.467,396.646,396.499,900,900
24.06.2024 06:16:19.087,396.653,396.505,900,900
24.06.2024 06:16:19.389,396.661,396.512,900,900
24.06.2024 06:16:28.092,396.652,396.504,900,900
24.06.2024 06:16:28.194,396.646,396.49800000000005,900,900
24.06.2024 06:16:28.446,396.645,396.49300000000005,900,900
24.06.2024 06:16:31.054,396.64,396.49,900,900
24.06.2024 06:16:31.205,396.634,396.48800000000006,900,900
24.06.2024 06:16:32.160,396.62199999999996,396.475,900,900
24.06.2024 06:16:32.764,396.63300000000004,396.48400000000004,900,900
24.06.2024 06:16:32.916,396.641,396.49300000000005,900,900
24.06.2024 06:16:34.323,396.631,396.491,900,900
24.06.2024 06:16:37.186,396.62800000000004,396.486,900,900
24.06.2024 06:16:41.000,396.61,396.467,900,900
24.06.2024 06:16:41.101,396.60400000000004,396.459,900,900
24.06.2024 06:16:41.152,396.596,396.45300000000003,900,900
24.06.2024 06:16:41.203,396.595,396.44800000000004,900,900
24.06.2024 06:16:41.606,396.597,396.454,900,900
24.06.2024 06:16:43.214,396.597,396.455,900,900
24.06.2024 06:16:45.675,396.602,396.46000000000004,900,900
24.06.2024 06:16:45.978,396.60400000000004,396.462,900,900
24.06.2024 06:16:49.844,396.625,396.472,1350,900
24.06.2024 06:16:49.946,396.625,396.47800000000007,450,900
24.06.2024 06:16:49.997,396.641,396.48699999999997,1350,900
24.06.2024 06:16:50.098,396.648,396.496,450,900
24.06.2024 06:16:50.199,396.649,396.496,900,900
24.06.2024 06:16:58.178,396.642,396.49,900,900
24.06.2024 06:17:01.391,396.64,396.48400000000004,900,900
24.06.2024 06:17:06.845,396.63800000000003,396.486,900,900
24.06.2024 06:17:09.154,396.61699999999996,396.477,900,900
24.06.2024 06:17:14.675,396.62199999999996,396.47900000000004,900,900
24.06.2024 06:17:16.737,396.61199999999997,396.471,900,900
24.06.2024 06:17:16.988,396.606,396.463,900,900
24.06.2024 06:17:17.039,396.61199999999997,396.471,900,900
24.06.2024 06:17:17.241,396.611,396.47,900,900
24.06.2024 06:17:18.900,396.60300000000007,396.462,900,900
24.06.2024 06:17:24.068,396.605,396.463,900,900
24.06.2024 06:17:24.220,396.611,396.46900000000005,900,900
24.06.2024 06:17:24.926,396.62,396.47900000000004,900,900
24.06.2024 06:17:26.837,396.641,396.48900000000003,900,900
24.06.2024 06:17:30.300,396.63,396.48400000000004,900,900
24.06.2024 06:17:30.351,396.62800000000004,396.481,900,900
24.06.2024 06:17:31.757,396.63599999999997,396.48800000000006,900,900
24.06.2024 06:17:31.808,396.645,396.501,450,900
24.06.2024 06:17:31.858,396.653,396.501,900,900
24.06.2024 06:17:31.909,396.66400000000004,396.517,900,900
24.06.2024 06:17:32.061,396.667,396.52,900,900
24.06.2024 06:17:32.514,396.666,396.519,900,900
24.06.2024 06:17:33.067,396.65500000000003,396.50800000000004,900,900
24.06.2024 06:17:33.219,396.654,396.5,900,900
24.06.2024 06:17:33.270,396.65500000000003,396.507,900,900
24.06.2024 06:17:33.723,396.651,396.505,900,900
24.06.2024 06:17:49.254,396.65900000000005,396.51300000000003,900,900
24.06.2024 06:17:49.455,396.662,396.515,900,900
24.06.2024 06:17:49.506,396.658,396.51300000000003,900,900
24.06.2024 06:17:49.607,396.637,396.50300000000004,900,900
24.06.2024 06:17:50.912,396.637,396.50199999999995,900,900
24.06.2024 06:17:51.615,396.637,396.501,900,900
24.06.2024 06:17:52.518,396.658,396.51099999999997,900,900
24.06.2024 06:17:58.889,396.657,396.507,900,900
24.06.2024 06:17:58.940,396.651,396.501,900,900
24.06.2024 06:17:59.243,396.644,396.496,900,900
24.06.2024 06:17:59.445,396.639,396.491,900,900
24.06.2024 06:17:59.596,396.63300000000004,396.486,900,900
24.06.2024 06:17:59.949,396.63300000000004,396.481,900,900
24.06.2024 06:18:04.515,396.634,396.48699999999997,900,900
24.06.2024 06:18:04.818,396.637,396.48900000000003,900,900
24.06.2024 06:18:05.421,396.637,396.48800000000006,900,900
24.06.2024 06:18:06.928,396.63300000000004,396.485,900,900
24.06.2024 06:18:10.952,396.625,396.47800000000007,900,900
24.06.2024 06:18:13.363,396.632,396.48400000000004,900,900
24.06.2024 06:18:13.665,396.63599999999997,396.486,900,900
24.06.2024 06:18:14.268,396.63599999999997,396.48800000000006,900,900
24.06.2024 06:18:23.804,396.629,396.47900000000004,900,900
24.06.2024 06:18:23.855,396.634,396.486,900,900
24.06.2024 06:18:24.458,396.63300000000004,396.486,900,900
24.06.2024 06:18:25.663,396.62800000000004,396.48,900,900
24.06.2024 06:18:43.227,396.62699999999995,396.48,900,900
24.06.2024 06:18:52.219,396.621,396.47400000000005,900,900
24.06.2024 06:18:55.832,396.642,396.48400000000004,900,900
24.06.2024 06:18:57.939,396.647,396.48800000000006,900,900
24.06.2024 06:18:58.292,396.646,396.48800000000006,900,900
24.06.2024 06:18:58.343,396.65000000000003,396.49,450,900
24.06.2024 06:18:58.394,396.65000000000003,396.495,450,900
24.06.2024 06:18:58.495,396.65900000000005,396.514,450,900
24.06.2024 06:18:58.546,396.676,396.53000000000003,450,900
24.06.2024 06:18:58.647,396.689,396.53000000000003,1350,900
24.06.2024 06:18:58.698,396.689,396.536,450,900
24.06.2024 06:18:58.749,396.69599999999997,396.536,900,900
24.06.2024 06:18:59.353,396.685,396.531,900,900
24.06.2024 06:19:01.712,396.681,396.528,900,900
24.06.2024 06:19:03.269,396.68,396.524,900,900
24.06.2024 06:19:05.928,396.689,396.53400000000005,450,900
24.06.2024 06:19:06.030,396.692,396.53400000000005,450,900
24.06.2024 06:19:06.281,396.692,396.53900000000004,450,900
24.06.2024 06:19:06.332,396.694,396.53900000000004,450,900
24.06.2024 06:19:06.433,396.694,396.546,450,900
24.06.2024 06:19:06.685,396.694,396.54699999999997,450,900
24.06.2024 06:19:07.439,396.694,396.54800000000006,450,900
24.06.2024 06:19:18.636,396.701,396.55699999999996,900,900
24.06.2024 06:19:18.738,396.718,396.565,450,900
24.06.2024 06:19:18.789,396.718,396.57,450,900
24.06.2024 06:19:18.840,396.722,396.57,450,900
24.06.2024 06:19:18.891,396.722,396.57800000000003,450,900
24.06.2024 06:19:18.942,396.73199999999997,396.57800000000003,450,900
24.06.2024 06:19:19.144,396.735,396.57800000000003,450,900
24.06.2024 06:19:19.345,396.72900000000004,396.57800000000003,450,900
24.06.2024 06:19:19.547,396.72800000000007,396.57800000000003,450,900
24.06.2024 06:19:19.749,396.725,396.57800000000003,450,900
24.06.2024 06:19:19.901,396.725,396.572,450,900
24.06.2024 06:19:19.952,396.725,396.56800000000004,450,900
24.06.2024 06:19:20.053,396.72400000000005,396.56800000000004,450,900
24.06.2024 06:19:20.154,396.72,396.56800000000004,450,900
24.06.2024 06:19:20.255,396.726,396.56800000000004,450,900
24.06.2024 06:19:20.556,396.72800000000007,396.56800000000004,450,900
24.06.2024 06:19:20.757,396.723,396.56800000000004,450,900
24.06.2024 06:19:21.060,396.721,396.56800000000004,450,900
24.06.2024 06:19:21.612,396.722,396.56800000000004,450,900
24.06.2024 06:19:21.814,396.725,396.56800000000004,450,900
24.06.2024 06:19:22.217,396.72400000000005,396.56800000000004,450,900
24.06.2024 06:19:22.419,396.723,396.56800000000004,450,900
24.06.2024 06:19:22.921,396.722,396.56800000000004,450,900
24.06.2024 06:19:23.323,396.72400000000005,396.56800000000004,450,900
24.06.2024 06:19:23.424,396.723,396.56800000000004,450,900
24.06.2024 06:19:23.626,396.72400000000005,396.56800000000004,450,900
24.06.2024 06:19:23.727,396.723,396.56800000000004,450,900
24.06.2024 06:19:24.230,396.72400000000005,396.56800000000004,450,900
24.06.2024 06:19:24.331,396.723,396.56800000000004,450,900
24.06.2024 06:19:24.432,396.721,396.56800000000004,450,900
24.06.2024 06:19:24.533,396.721,396.56199999999995,450,900
24.06.2024 06:19:24.634,396.71900000000005,396.56199999999995,450,900
24.06.2024 06:19:24.936,396.713,396.56199999999995,450,900
24.06.2024 06:19:25.345,396.714,396.56199999999995,450,900
24.06.2024 06:19:26.449,396.71500000000003,396.56199999999995,450,900
24.06.2024 06:19:27.152,396.716,396.56199999999995,450,900
24.06.2024 06:19:29.207,396.716,396.57099999999997,450,900
24.06.2024 06:19:29.308,396.726,396.57800000000003,450,900
24.06.2024 06:19:29.359,396.726,396.582,450,900
24.06.2024 06:19:29.410,396.73300000000006,396.588,450,900
24.06.2024 06:19:29.461,396.73300000000006,396.592,450,900
24.06.2024 06:19:29.512,396.73900000000003,396.592,450,900
24.06.2024 06:19:29.614,396.75,396.597,450,900
24.06.2024 06:19:29.715,396.756,396.60400000000004,450,900
24.06.2024 06:19:29.817,396.757,396.60900000000004,450,900
24.06.2024 06:19:29.918,396.759,396.60900000000004,450,900
24.06.2024 06:19:30.020,396.76,396.60900000000004,450,900
24.06.2024 06:19:30.121,396.75800000000004,396.60900000000004,450,900
24.06.2024 06:19:30.423,396.759,396.61699999999996,450,900
24.06.2024 06:19:30.626,396.762,396.61699999999996,450,900
24.06.2024 06:19:30.928,396.76099999999997,396.61699999999996,450,900
24.06.2024 06:19:31.029,396.76,396.61699999999996,450,900
24.06.2024 06:19:31.130,396.76099999999997,396.61699999999996,450,900
24.06.2024 06:19:31.533,396.76,396.61699999999996,450,900
24.06.2024 06:19:31.734,396.759,396.60699999999997,900,900
24.06.2024 06:19:31.835,396.75800000000004,396.60699999999997,450,900
24.06.2024 06:19:32.037,396.756,396.60699999999997,450,900
24.06.2024 06:19:32.641,396.757,396.60699999999997,450,900
24.06.2024 06:19:33.144,396.756,396.60699999999997,450,900
24.06.2024 06:19:33.949,396.755,396.602,900,900
24.06.2024 06:19:36.415,396.751,396.602,450,900
24.06.2024 06:19:36.466,396.75,396.598,900,900
24.06.2024 06:19:36.517,396.74300000000005,396.591,900,900
24.06.2024 06:19:36.668,396.73800000000006,396.586,900,900
24.06.2024 06:19:46.902,396.723,396.57099999999997,900,900
24.06.2024 06:19:47.004,396.718,396.566,900,900
24.06.2024 06:19:47.405,396.71000000000004,396.566,450,900
24.06.2024 06:19:47.507,396.711,396.566,450,900
24.06.2024 06:19:54.392,396.69800000000004,396.566,900,900
24.06.2024 06:19:54.544,396.69800000000004,396.56,900,900
24.06.2024 06:19:54.695,396.7,396.56,900,900
24.06.2024 06:19:54.998,396.702,396.56,900,900
24.06.2024 06:19:58.470,396.702,396.57,900,900
24.06.2024 06:20:01.384,396.702,396.566,900,900
24.06.2024 06:20:01.436,396.689,396.566,900,900
24.06.2024 06:20:01.738,396.689,396.556,900,900
24.06.2024 06:20:01.789,396.689,396.54400000000004,900,900
24.06.2024 06:20:01.840,396.676,396.54400000000004,900,900
24.06.2024 06:20:02.142,396.67900000000003,396.54400000000004,900,900
24.06.2024 06:20:02.193,396.67900000000003,396.54900000000004,900,900
24.06.2024 06:20:02.344,396.68199999999996,396.54900000000004,900,900
24.06.2024 06:20:03.699,396.68199999999996,396.53400000000005,900,900
24.06.2024 06:20:03.750,396.66400000000004,396.53400000000005,900,900
24.06.2024 06:20:05.986,396.652,396.528,900,900
24.06.2024 06:20:06.087,396.701,396.587,450,900
24.06.2024 06:20:06.189,396.709,396.587,450,900
24.06.2024 06:20:06.240,396.709,396.592,450,900
24.06.2024 06:20:06.341,396.709,396.59900000000005,450,900
24.06.2024 06:20:06.392,396.71500000000003,396.59900000000005,450,900
24.06.2024 06:20:06.744,396.71500000000003,396.61400000000003,450,900
24.06.2024 06:20:06.795,396.73800000000006,396.61400000000003,450,900
24.06.2024 06:20:06.897,396.735,396.61400000000003,450,900
24.06.2024 06:20:06.998,396.749,396.654,450,900
24.06.2024 06:20:07.100,396.76300000000003,396.658,450,900
24.06.2024 06:20:07.151,396.76300000000003,396.666,450,900
24.06.2024 06:20:07.504,396.76300000000003,396.661,450,900
24.06.2024 06:20:07.606,396.76300000000003,396.66800000000006,450,900
24.06.2024 06:20:08.912,396.76300000000003,396.66400000000004,450,900
24.06.2024 06:20:09.164,396.76300000000003,396.65900000000005,450,900
24.06.2024 06:20:09.466,396.76300000000003,396.654,450,900
24.06.2024 06:20:11.572,396.762,396.654,450,900
24.06.2024 06:20:12.325,396.76300000000003,396.654,450,900
24.06.2024 06:20:13.028,396.762,396.654,450,900
24.06.2024 06:20:13.882,396.762,396.642,450,900
24.06.2024 06:20:14.033,396.762,396.64300000000003,450,900
24.06.2024 06:20:14.134,396.762,396.642,450,900
24.06.2024 06:20:17.346,396.76,396.642,450,900
24.06.2024 06:20:17.697,396.76,396.637,450,900
24.06.2024 06:20:17.949,396.76099999999997,396.637,450,900
24.06.2024 06:20:18.954,396.762,396.637,450,900
24.06.2024 06:20:19.256,396.76300000000003,396.644,450,900
24.06.2024 06:20:21.618,396.76300000000003,396.649,450,900
24.06.2024 06:20:21.920,396.76300000000003,396.644,450,900
24.06.2024 06:20:32.306,396.762,396.644,450,900
24.06.2024 06:20:32.508,396.762,396.649,450,900
24.06.2024 06:20:33.160,396.762,396.644,450,900
24.06.2024 06:20:34.213,396.762,396.63800000000003,450,900
24.06.2024 06:20:34.514,396.76099999999997,396.63800000000003,450,900
24.06.2024 06:20:35.668,396.76099999999997,396.64300000000003,450,900
24.06.2024 06:20:36.471,396.76099999999997,396.63800000000003,450,900
24.06.2024 06:20:37.205,396.759,396.63800000000003,450,900
24.06.2024 06:20:38.410,396.759,396.63300000000004,450,900
24.06.2024 06:20:38.512,396.75800000000004,396.63300000000004,450,900
24.06.2024 06:20:38.914,396.757,396.63300000000004,450,900
24.06.2024 06:20:39.065,396.757,396.632,450,900
24.06.2024 06:20:41.974,396.756,396.632,450,900
24.06.2024 06:20:43.379,396.757,396.632,450,900
24.06.2024 06:20:44.284,396.754,396.632,450,900
24.06.2024 06:20:44.636,396.754,396.62800000000004,450,900
24.06.2024 06:20:44.737,396.75300000000004,396.62800000000004,450,900
24.06.2024 06:20:45.140,396.756,396.62800000000004,450,900
24.06.2024 06:20:47.146,396.755,396.62800000000004,450,900
24.06.2024 06:20:47.247,396.754,396.62800000000004,450,900
24.06.2024 06:20:47.348,396.755,396.62800000000004,450,900
24.06.2024 06:20:47.449,396.754,396.62800000000004,450,900
24.06.2024 06:20:47.851,396.754,396.63300000000004,450,900
24.06.2024 06:20:47.952,396.754,396.62800000000004,450,900
24.06.2024 06:20:48.355,396.755,396.62800000000004,450,900
24.06.2024 06:20:48.756,396.754,396.62800000000004,450,900
24.06.2024 06:20:48.957,396.754,396.63300000000004,450,900
24.06.2024 06:20:51.567,396.754,396.62800000000004,450,900
24.06.2024 06:20:53.172,396.75300000000004,396.62800000000004,450,900
24.06.2024 06:20:59.042,396.75199999999995,396.62800000000004,450,900
24.06.2024 06:20:59.244,396.75,396.62800000000004,450,900
24.06.2024 06:20:59.547,396.75199999999995,396.62800000000004,450,900
24.06.2024 06:20:59.648,396.754,396.62800000000004,450,900
24.06.2024 06:21:01.104,396.754,396.64,450,900
24.06.2024 06:21:01.205,396.754,396.635,450,900
24.06.2024 06:21:01.256,396.754,396.64,450,900
24.06.2024 06:21:04.615,396.75300000000004,396.64,450,900
24.06.2024 06:21:06.985,396.754,396.64,450,900
24.06.2024 06:21:07.086,396.755,396.64,450,900
24.06.2024 06:21:10.194,396.755,396.635,450,900
24.06.2024 06:21:13.255,396.754,396.635,450,900
24.06.2024 06:21:13.507,396.754,396.62300000000005,450,900
24.06.2024 06:21:13.608,396.718,396.58,900,450
24.06.2024 06:21:13.659,396.707,396.56,900,900
24.06.2024 06:21:13.709,396.702,396.556,900,900
24.06.2024 06:21:13.811,396.694,396.551,900,900
24.06.2024 06:21:13.861,396.691,396.545,900,900
24.06.2024 06:21:13.962,396.686,396.54,900,900
24.06.2024 06:21:14.064,396.685,396.545,900,900
24.06.2024 06:21:14.165,396.68699999999995,396.545,900,900
24.06.2024 06:21:14.266,396.684,396.537,900,900
24.06.2024 06:21:14.367,396.67900000000003,396.542,900,900
24.06.2024 06:21:14.971,396.689,396.542,900,900
24.06.2024 06:21:18.788,396.694,396.54699999999997,900,900
24.06.2024 06:21:24.058,396.69300000000004,396.54699999999997,900,900
24.06.2024 06:21:25.766,396.704,396.55199999999996,900,900
24.06.2024 06:21:27.371,396.69300000000004,396.54699999999997,900,900
24.06.2024 06:21:28.024,396.704,396.55199999999996,900,900
24.06.2024 06:21:32.485,396.706,396.555,450,900
24.06.2024 06:21:32.888,396.707,396.555,1350,900
24.06.2024 06:21:35.196,396.706,396.555,450,900
24.06.2024 06:21:35.398,396.705,396.551,900,900
24.06.2024 06:21:35.850,396.695,396.546,900,900
24.06.2024 06:21:36.352,396.705,396.551,900,900
24.06.2024 06:21:36.454,396.695,396.546,900,900
24.06.2024 06:21:44.733,396.695,396.54699999999997,900,900
24.06.2024 06:21:45.888,396.686,396.53900000000004,900,900
24.06.2024 06:21:54.116,396.68800000000005,396.54300000000006,900,900
24.06.2024 06:22:01.992,396.68800000000005,396.541,900,900
24.06.2024 06:22:03.647,396.699,396.551,900,900
24.06.2024 06:22:03.749,396.7,396.54699999999997,450,900
24.06.2024 06:22:07.010,396.701,396.54699999999997,450,900
24.06.2024 06:22:10.322,396.701,396.55699999999996,450,900
24.06.2024 06:22:10.474,396.706,396.55800000000005,450,900
24.06.2024 06:22:10.676,396.702,396.55800000000005,900,900
24.06.2024 06:22:11.329,396.702,396.551,900,900
24.06.2024 06:22:11.864,396.702,396.555,900,900
24.06.2024 06:22:14.826,396.70300000000003,396.555,450,900
24.06.2024 06:22:19.896,396.70300000000003,396.55,450,900
24.06.2024 06:22:20.951,396.704,396.55,450,900
24.06.2024 06:22:21.255,396.7,396.54699999999997,900,900
24.06.2024 06:22:51.584,396.69300000000004,396.541,900,900
24.06.2024 06:23:00.116,396.694,396.541,900,900
24.06.2024 06:23:05.738,396.692,396.538,900,900
24.06.2024 06:23:06.391,396.7,396.54800000000006,450,900
24.06.2024 06:23:06.492,396.701,396.54800000000006,450,900
24.06.2024 06:23:07.095,396.702,396.54800000000006,450,900
24.06.2024 06:23:16.478,396.702,396.55,450,900
24.06.2024 06:23:16.580,396.709,396.55800000000005,450,900
24.06.2024 06:23:16.682,396.713,396.564,450,900
24.06.2024 06:23:16.783,396.709,396.564,900,900
24.06.2024 06:23:16.834,396.709,396.56,900,900
24.06.2024 06:23:16.935,396.709,396.56199999999995,900,900
24.06.2024 06:23:17.389,396.714,396.56199999999995,450,900
24.06.2024 06:23:17.490,396.717,396.56199999999995,450,900
24.06.2024 06:23:17.592,396.71000000000004,396.56199999999995,900,900
24.06.2024 06:23:18.097,396.711,396.56199999999995,900,900
24.06.2024 06:23:18.299,396.71500000000003,396.56199999999995,450,900
24.06.2024 06:23:18.500,396.711,396.56199999999995,900,900
24.06.2024 06:23:18.702,396.71500000000003,396.56199999999995,450,900
24.06.2024 06:23:18.806,396.711,396.56199999999995,900,900
24.06.2024 06:23:19.108,396.712,396.56199999999995,900,900
24.06.2024 06:23:19.310,396.716,396.56199999999995,450,900
24.06.2024 06:23:19.412,396.712,396.56199999999995,900,900
24.06.2024 06:23:19.614,396.713,396.56199999999995,900,900
24.06.2024 06:23:19.715,396.71500000000003,396.56199999999995,450,900
24.06.2024 06:23:19.817,396.712,396.56199999999995,900,900
24.06.2024 06:23:20.119,396.713,396.56199999999995,900,900
24.06.2024 06:23:20.221,396.712,396.56199999999995,450,900
24.06.2024 06:23:20.322,396.714,396.56199999999995,450,900
24.06.2024 06:23:20.423,396.71500000000003,396.56199999999995,450,900
24.06.2024 06:23:20.525,396.714,396.56199999999995,450,900
24.06.2024 06:23:20.640,396.713,396.56199999999995,900,900
24.06.2024 06:23:20.741,396.714,396.56199999999995,450,900
24.06.2024 06:23:20.843,396.713,396.56199999999995,900,900
24.06.2024 06:23:21.447,396.71500000000003,396.56199999999995,450,900
24.06.2024 06:23:21.550,396.713,396.56199999999995,900,900
24.06.2024 06:23:21.953,396.71500000000003,396.56199999999995,450,900
24.06.2024 06:23:22.054,396.713,396.56199999999995,900,900
24.06.2024 06:23:22.155,396.716,396.56199999999995,450,900
24.06.2024 06:23:22.257,396.713,396.56199999999995,900,900
24.06.2024 06:23:22.358,396.714,396.56199999999995,900,900
24.06.2024 06:23:22.459,396.71500000000003,396.56199999999995,450,900
24.06.2024 06:23:22.560,396.713,396.56199999999995,900,900
24.06.2024 06:23:22.711,396.714,396.56199999999995,900,900
24.06.2024 06:23:22.812,396.71500000000003,396.56199999999995,450,900
24.06.2024 06:23:23.014,396.718,396.56199999999995,450,900
24.06.2024 06:23:23.115,396.713,396.56199999999995,900,900
24.06.2024 06:23:23.720,396.717,396.56199999999995,450,900
24.06.2024 06:23:23.821,396.713,396.56199999999995,900,900
24.06.2024 06:23:24.425,396.714,396.56199999999995,450,900
24.06.2024 06:23:24.527,396.713,396.56199999999995,900,900
24.06.2024 06:23:24.628,396.708,396.551,900,900
24.06.2024 06:23:24.679,396.686,396.541,900,900
24.06.2024 06:23:28.295,396.67900000000003,396.538,900,900
24.06.2024 06:23:28.547,396.67800000000005,396.536,900,900
24.06.2024 06:23:33.114,396.67699999999996,396.53400000000005,900,900
24.06.2024 06:23:36.078,396.675,396.53000000000003,900,900
24.06.2024 06:23:46.916,396.67199999999997,396.52500000000003,900,900
24.06.2024 06:23:49.324,396.671,396.52500000000003,900,900
24.06.2024 06:23:52.834,396.665,396.523,900,900
24.06.2024 06:24:00.958,396.67800000000005,396.533,900,900
24.06.2024 06:24:01.059,396.686,396.533,900,900
24.06.2024 06:24:02.264,396.694,396.54300000000006,900,900
24.06.2024 06:24:02.365,396.702,396.54300000000006,450,900
24.06.2024 06:24:04.521,396.686,396.54300000000006,900,900
24.06.2024 06:24:04.923,396.686,396.54800000000006,900,900
24.06.2024 06:24:05.631,396.69800000000004,396.54800000000006,900,900
24.06.2024 06:24:05.732,396.702,396.54800000000006,450,900
24.06.2024 06:24:06.085,396.702,396.555,450,900
24.06.2024 06:24:06.236,396.704,396.55800000000005,900,900
24.06.2024 06:24:06.337,396.721,396.56300000000005,450,900
24.06.2024 06:24:07.141,396.722,396.56300000000005,450,900
24.06.2024 06:24:09.049,396.722,396.57300000000004,450,900
24.06.2024 06:24:09.150,396.722,396.58,450,900
24.06.2024 06:24:09.201,396.725,396.58,450,900
24.06.2024 06:24:09.303,396.735,396.58,450,900
24.06.2024 06:24:09.504,396.73400000000004,396.58,450,900
24.06.2024 06:24:09.807,396.73300000000006,396.58,450,900
24.06.2024 06:24:09.908,396.72800000000007,396.58,450,900
24.06.2024 06:24:10.110,396.727,396.58,450,900
24.06.2024 06:24:10.312,396.73,396.58,450,900
24.06.2024 06:24:10.363,396.73,396.588,450,900
24.06.2024 06:24:10.414,396.736,396.588,450,900
24.06.2024 06:24:10.515,396.73400000000004,396.588,450,900
24.06.2024 06:24:10.717,396.73300000000006,396.588,450,900
24.06.2024 06:24:12.374,396.73300000000006,396.586,450,900
24.06.2024 06:24:12.525,396.73199999999997,396.586,450,900
24.06.2024 06:24:13.029,396.73300000000006,396.586,450,900
24.06.2024 06:24:15.389,396.736,396.586,450,900
24.06.2024 06:24:18.503,396.736,396.591,450,900
24.06.2024 06:24:18.604,396.74300000000005,396.601,900,900
24.06.2024 06:24:18.706,396.741,396.606,900,900
24.06.2024 06:24:18.757,396.75300000000004,396.61400000000003,450,900
24.06.2024 06:24:20.416,396.75300000000004,396.60900000000004,450,900
24.06.2024 06:24:24.683,396.75300000000004,396.619,450,900
24.06.2024 06:24:24.784,396.754,396.66900000000004,900,900
24.06.2024 06:24:24.885,396.81800000000004,396.705,900,900
24.06.2024 06:24:24.936,396.81800000000004,396.71500000000003,900,900
24.06.2024 06:24:24.987,396.825,396.71500000000003,900,900
24.06.2024 06:24:25.038,396.825,396.706,900,900
24.06.2024 06:24:25.139,396.825,396.711,900,900
24.06.2024 06:24:25.392,396.833,396.711,900,900
24.06.2024 06:24:25.795,396.833,396.71500000000003,900,900
24.06.2024 06:24:25.947,396.833,396.725,900,900
24.06.2024 06:24:25.997,396.85800000000006,396.725,450,900
24.06.2024 06:24:26.149,396.85800000000006,396.731,450,900
24.06.2024 06:24:26.200,396.86199999999997,396.731,450,900
24.06.2024 06:24:26.251,396.86199999999997,396.72900000000004,450,900
24.06.2024 06:24:26.302,396.865,396.72900000000004,450,900
24.06.2024 06:24:26.353,396.865,396.731,450,900
24.06.2024 06:24:26.454,396.86400000000003,396.73800000000006,450,900
24.06.2024 06:24:26.505,396.88800000000003,396.757,450,900
24.06.2024 06:24:26.607,396.894,396.757,450,900
24.06.2024 06:24:26.808,396.88800000000003,396.757,450,900
24.06.2024 06:24:26.909,396.889,396.757,450,900
24.06.2024 06:24:27.111,396.88800000000003,396.757,450,900
24.06.2024 06:24:28.570,396.88800000000003,396.74800000000005,450,900
24.06.2024 06:24:28.621,396.88800000000003,396.73800000000006,450,900
24.06.2024 06:24:28.772,396.88800000000003,396.731,450,900
24.06.2024 06:24:28.823,396.88800000000003,396.741,450,900
24.06.2024 06:24:28.924,396.88800000000003,396.731,1350,900
24.06.2024 06:24:29.278,396.88300000000004,396.725,900,900
24.06.2024 06:24:29.329,396.88800000000003,396.72800000000007,450,900
24.06.2024 06:24:30.534,396.88800000000003,396.73,450,900
24.06.2024 06:24:31.036,396.88800000000003,396.73400000000004,450,900
24.06.2024 06:24:31.789,396.87199999999996,396.72400000000005,900,900
24.06.2024 06:24:32.695,396.876,396.72900000000004,900,900
24.06.2024 06:24:33.700,396.865,396.72900000000004,900,900
24.06.2024 06:24:33.801,396.86400000000003,396.72900000000004,900,900
24.06.2024 06:24:34.304,396.86400000000003,396.722,900,900
24.06.2024 06:24:34.405,396.86199999999997,396.722,900,900
24.06.2024 06:24:34.507,396.85300000000007,396.722,900,900
24.06.2024 06:24:34.608,396.871,396.722,900,900
24.06.2024 06:24:37.049,396.865,396.717,900,900
24.06.2024 06:24:37.805,396.86800000000005,396.717,900,900
24.06.2024 06:24:37.906,396.87,396.72400000000005,900,900
24.06.2024 06:24:37.957,396.869,396.71900000000005,900,900
24.06.2024 06:24:38.008,396.86800000000005,396.717,900,900
24.06.2024 06:24:38.460,396.869,396.723,900,900
24.06.2024 06:24:39.213,396.88,396.73300000000006,900,900
24.06.2024 06:24:39.565,396.87300000000005,396.72400000000005,900,900
24.06.2024 06:24:43.631,396.85400000000004,396.70300000000003,900,900
24.06.2024 06:24:43.682,396.782,396.65900000000005,900,900
24.06.2024 06:24:43.783,396.78000000000003,396.63,900,900
24.06.2024 06:24:43.834,396.779,396.632,900,900
24.06.2024 06:24:43.936,396.783,396.63300000000004,900,900
24.06.2024 06:24:43.987,396.773,396.63300000000004,900,900
24.06.2024 06:24:44.088,396.773,396.63800000000003,900,900
24.06.2024 06:24:44.189,396.78900000000004,396.63800000000003,900,900
24.06.2024 06:24:44.341,396.79,396.642,900,900
24.06.2024 06:24:44.442,396.79400000000004,396.647,900,900
24.06.2024 06:24:44.594,396.796,396.649,900,900
24.06.2024 06:24:45.047,396.79699999999997,396.65000000000003,900,900
24.06.2024 06:24:47.762,396.79900000000004,396.652,900,900
24.06.2024 06:24:48.014,396.80400000000003,396.653,900,900
24.06.2024 06:24:48.317,396.80400000000003,396.656,900,900
24.06.2024 06:24:50.777,396.80199999999996,396.65500000000003,900,900
24.06.2024 06:24:51.280,396.79800000000006,396.653,900,900
24.06.2024 06:24:52.339,396.805,396.658,900,900
24.06.2024 06:24:52.490,396.80400000000003,396.65500000000003,900,900
24.06.2024 06:24:53.494,396.80400000000003,396.656,900,900
24.06.2024 06:24:57.509,396.81800000000004,396.67,900,900
24.06.2024 06:24:57.862,396.82300000000004,396.67699999999996,900,900
24.06.2024 06:24:58.165,396.82300000000004,396.67400000000004,900,900
24.06.2024 06:25:11.477,396.842,396.684,450,900
24.06.2024 06:25:14.642,396.82300000000004,396.67400000000004,900,900
24.06.2024 06:25:14.945,396.81800000000004,396.67199999999997,900,900
24.06.2024 06:25:15.149,396.816,396.666,900,900
24.06.2024 06:25:15.503,396.81300000000005,396.665,900,900
24.06.2024 06:25:16.158,396.811,396.662,900,900
24.06.2024 06:25:21.527,396.809,396.658,900,900
24.06.2024 06:25:24.238,396.8,396.654,900,900
24.06.2024 06:25:26.298,396.8,396.652,900,900
24.06.2024 06:25:31.117,396.79400000000004,396.652,900,900
24.06.2024 06:25:31.319,396.79,396.641,900,900
24.06.2024 06:25:31.420,396.777,396.632,900,900
24.06.2024 06:25:31.522,396.78400000000005,396.63599999999997,900,900
24.06.2024 06:25:31.623,396.77,396.63599999999997,900,900
24.06.2024 06:25:31.924,396.77,396.625,900,900
24.06.2024 06:25:32.026,396.76099999999997,396.625,900,900
24.06.2024 06:25:32.127,396.76099999999997,396.621,900,900
24.06.2024 06:25:32.228,396.75199999999995,396.61699999999996,900,900
24.06.2024 06:25:32.430,396.75199999999995,396.616,900,900
24.06.2024 06:25:32.531,396.75,396.632,900,900
24.06.2024 06:25:32.633,396.73800000000006,396.632,900,900
24.06.2024 06:25:32.734,396.77,396.632,900,900
24.06.2024 06:25:32.835,396.78000000000003,396.632,900,900
24.06.2024 06:25:36.248,396.785,396.639,900,900
24.06.2024 06:25:38.658,396.79400000000004,396.646,900,900
24.06.2024 06:25:40.917,396.80400000000003,396.651,900,900
24.06.2024 06:25:41.018,396.81,396.653,900,900
24.06.2024 06:25:41.471,396.81,396.658,900,900
24.06.2024 06:25:48.144,396.81199999999995,396.65900000000005,450,900
24.06.2024 06:25:48.195,396.782,396.65900000000005,900,900
24.06.2024 06:25:48.498,396.79699999999997,396.65900000000005,900,900
24.06.2024 06:25:48.599,396.815,396.65900000000005,450,900
24.06.2024 06:25:50.665,396.809,396.654,900,900
24.06.2024 06:25:50.767,396.82300000000004,396.67,900,900
24.06.2024 06:25:50.868,396.827,396.67199999999997,450,900
24.06.2024 06:25:50.918,396.827,396.67699999999996,450,900
24.06.2024 06:25:50.969,396.83,396.67699999999996,450,900
24.06.2024 06:25:51.072,396.832,396.67699999999996,450,900
24.06.2024 06:25:51.173,396.831,396.67699999999996,450,900
24.06.2024 06:25:51.576,396.83,396.67699999999996,450,900
24.06.2024 06:25:51.677,396.831,396.67699999999996,450,900
24.06.2024 06:25:51.778,396.82800000000003,396.67199999999997,900,900
24.06.2024 06:25:52.333,396.83,396.675,900,900
24.06.2024 06:25:52.434,396.83,396.67699999999996,900,900
24.06.2024 06:25:52.536,396.827,396.67699999999996,900,900
24.06.2024 06:25:52.587,396.832,396.67699999999996,450,900
24.06.2024 06:25:52.688,396.82800000000003,396.676,900,900
24.06.2024 06:25:52.789,396.831,396.67800000000005,450,900
24.06.2024 06:25:52.891,396.832,396.67800000000005,450,900
24.06.2024 06:25:52.992,396.838,396.67800000000005,900,900
24.06.2024 06:25:53.043,396.82800000000003,396.67300000000006,900,900
24.06.2024 06:25:55.506,396.833,396.67800000000005,450,900
24.06.2024 06:25:55.658,396.834,396.67800000000005,450,900
24.06.2024 06:25:56.111,396.82800000000003,396.67300000000006,900,900
24.06.2024 06:26:00.126,396.819,396.665,900,900
24.06.2024 06:26:00.228,396.79900000000004,396.665,900,900
24.06.2024 06:26:00.379,396.79900000000004,396.66400000000004,900,900
24.06.2024 06:26:00.430,396.79900000000004,396.658,900,900
24.06.2024 06:26:00.481,396.79900000000004,396.665,900,900
24.06.2024 06:26:00.583,396.787,396.656,900,900
24.06.2024 06:26:00.684,396.787,396.663,900,900
24.06.2024 06:26:00.735,396.806,396.663,900,900
24.06.2024 06:26:00.936,396.815,396.663,900,900
24.06.2024 06:26:02.897,396.82,396.667,900,900
24.06.2024 06:26:12.178,396.81199999999995,396.658,900,900
24.06.2024 06:26:14.490,396.817,396.663,900,900
24.06.2024 06:26:14.591,396.814,396.663,900,900
24.06.2024 06:26:15.244,396.788,396.663,900,900
24.06.2024 06:26:15.647,396.80400000000003,396.663,900,900
24.06.2024 06:26:15.748,396.816,396.663,900,900
24.06.2024 06:26:23.071,396.817,396.663,900,900
24.06.2024 06:26:24.477,396.816,396.661,900,900
24.06.2024 06:26:24.578,396.81,396.658,900,900
24.06.2024 06:26:24.880,396.811,396.65900000000005,900,900
24.06.2024 06:26:26.659,396.816,396.661,900,900
24.06.2024 06:26:26.710,396.811,396.657,900,900
24.06.2024 06:26:28.770,396.816,396.661,900,900
24.06.2024 06:26:28.871,396.792,396.662,900,900
24.06.2024 06:26:28.922,396.792,396.653,900,900
24.06.2024 06:26:28.973,396.783,396.653,900,900
24.06.2024 06:26:29.025,396.783,396.65000000000003,900,900
24.06.2024 06:26:29.076,396.76800000000003,396.65000000000003,900,900
24.06.2024 06:26:29.126,396.76800000000003,396.62800000000004,900,900
24.06.2024 06:26:29.177,396.759,396.62800000000004,900,900
24.06.2024 06:26:29.278,396.75800000000004,396.62800000000004,900,900
24.06.2024 06:26:29.530,396.75800000000004,396.642,900,900
24.06.2024 06:26:29.631,396.74699999999996,396.649,900,900
24.06.2024 06:26:29.682,396.74699999999996,396.626,900,900
24.06.2024 06:26:29.732,396.74699999999996,396.631,900,900
24.06.2024 06:26:29.834,396.74699999999996,396.645,900,900
24.06.2024 06:26:29.885,396.74699999999996,396.64300000000003,900,900
24.06.2024 06:26:31.993,396.74699999999996,396.63800000000003,900,900
24.06.2024 06:26:32.044,396.76800000000003,396.63800000000003,900,900
24.06.2024 06:26:32.145,396.76800000000003,396.642,900,900
24.06.2024 06:26:32.247,396.782,396.642,900,900
24.06.2024 06:26:32.348,396.782,396.641,900,900
24.06.2024 06:26:33.352,396.788,396.641,900,900
24.06.2024 06:26:35.210,396.788,396.64300000000003,900,900
24.06.2024 06:26:35.261,396.79400000000004,396.64300000000003,900,900
24.06.2024 06:26:39.225,396.79,396.635,900,900
24.06.2024 06:26:39.326,396.767,396.64,900,900
24.06.2024 06:26:39.427,396.767,396.63599999999997,900,900
24.06.2024 06:26:39.528,396.75800000000004,396.63599999999997,900,900
24.06.2024 06:26:40.334,396.75800000000004,396.63300000000004,900,900
24.06.2024 06:26:40.435,396.74800000000005,396.63300000000004,900,900
24.06.2024 06:26:40.536,396.76099999999997,396.635,900,900
24.06.2024 06:26:40.637,396.773,396.635,900,900
24.06.2024 06:26:40.839,396.786,396.635,900,900
24.06.2024 06:26:41.492,396.786,396.63599999999997,900,900
24.06.2024 06:26:41.894,396.78900000000004,396.63599999999997,900,900
24.06.2024 06:26:47.265,396.771,396.635,900,900
24.06.2024 06:26:47.367,396.762,396.635,900,900
24.06.2024 06:26:47.418,396.762,396.624,900,900
24.06.2024 06:26:47.469,396.75300000000004,396.634,900,900
24.06.2024 06:26:52.784,396.75300000000004,396.62199999999996,900,900
24.06.2024 06:26:52.885,396.75300000000004,396.625,900,900
24.06.2024 06:26:52.986,396.75199999999995,396.629,900,900
24.06.2024 06:26:53.640,396.75199999999995,396.626,900,900
24.06.2024 06:26:53.742,396.75300000000004,396.625,900,900
24.06.2024 06:26:53.994,396.773,396.625,900,900
24.06.2024 06:26:54.095,396.779,396.625,900,900
24.06.2024 06:26:54.497,396.783,396.63,900,900
24.06.2024 06:26:54.799,396.78400000000005,396.631,900,900
24.06.2024 06:26:58.511,396.785,396.632,900,900
24.06.2024 06:26:58.612,396.79,396.637,900,900
24.06.2024 06:26:58.764,396.795,396.647,900,900
24.06.2024 06:26:58.965,396.8,396.647,900,900
24.06.2024 06:27:00.628,396.80400000000003,396.648,900,900
24.06.2024 06:27:00.731,396.80800000000005,396.652,900,900
24.06.2024 06:27:01.185,396.809,396.653,1800,900
24.06.2024 06:27:02.640,396.815,396.66,900,900
24.06.2024 06:27:02.691,396.81,396.654,900,900
24.06.2024 06:27:02.893,396.811,396.65900000000005,900,900
24.06.2024 06:27:02.944,396.819,396.661,900,900
24.06.2024 06:27:02.995,396.82,396.667,900,900
24.06.2024 06:27:03.146,396.82099999999997,396.666,900,900
24.06.2024 06:27:03.247,396.825,396.666,900,900
24.06.2024 06:27:03.600,396.825,396.671,900,900
24.06.2024 06:27:06.615,396.815,396.666,900,900
24.06.2024 06:27:06.716,396.783,396.651,900,900
24.06.2024 06:27:07.320,396.79300000000006,396.656,900,900
24.06.2024 06:27:12.239,396.783,396.651,900,900
24.06.2024 06:27:13.244,396.79300000000006,396.656,900,900
24.06.2024 06:27:14.048,396.786,396.649,900,900
24.06.2024 06:27:19.633,396.79,396.652,900,900
24.06.2024 06:27:19.936,396.801,396.657,900,900
24.06.2024 06:27:21.143,396.8,396.657,900,900
24.06.2024 06:27:31.324,396.796,396.653,900,900
24.06.2024 06:27:42.346,396.795,396.651,900,900
24.06.2024 06:27:48.620,396.8,396.653,900,900
24.06.2024 06:27:48.872,396.801,396.657,900,900
24.06.2024 06:27:49.676,396.801,396.656,900,900
24.06.2024 06:27:50.179,396.79900000000004,396.652,900,900
24.06.2024 06:27:51.586,396.79699999999997,396.651,900,900
24.06.2024 06:27:53.496,396.80400000000003,396.657,900,900
24.06.2024 06:27:53.648,396.81,396.667,900,900
24.06.2024 06:27:54.503,396.82,396.66900000000004,900,900
24.06.2024 06:28:00.929,396.81,396.665,900,900
24.06.2024 06:28:01.231,396.82099999999997,396.67,900,900
24.06.2024 06:28:08.238,396.81,396.665,900,900
24.06.2024 06:28:09.244,396.82099999999997,396.67,900,900
24.06.2024 06:28:09.998,396.81,396.665,900,900
24.06.2024 06:28:11.253,396.82099999999997,396.67,900,900
24.06.2024 06:28:15.366,396.81,396.665,900,900
24.06.2024 06:28:15.819,396.82099999999997,396.67,900,900
24.06.2024 06:28:16.326,396.81,396.665,900,900
24.06.2024 06:28:17.230,396.82099999999997,396.67,900,900
24.06.2024 06:28:21.254,396.81,396.665,900,900
24.06.2024 06:28:21.305,396.81,396.663,900,900
24.06.2024 06:28:21.960,396.81199999999995,396.661,900,900
24.06.2024 06:28:22.262,396.80199999999996,396.66,900,900
24.06.2024 06:28:22.363,396.801,396.654,900,900
24.06.2024 06:28:22.565,396.79900000000004,396.654,900,900
24.06.2024 06:28:23.269,396.809,396.65500000000003,900,900
24.06.2024 06:28:23.821,396.787,396.64300000000003,900,900
24.06.2024 06:28:23.923,396.79800000000006,396.648,900,900
24.06.2024 06:28:23.974,396.796,396.64300000000003,900,900
24.06.2024 06:28:24.075,396.785,396.63800000000003,900,900
24.06.2024 06:28:24.629,396.787,396.642,900,900
24.06.2024 06:28:25.282,396.79699999999997,396.648,900,900
24.06.2024 06:28:26.436,396.776,396.637,900,900
24.06.2024 06:28:27.292,396.769,396.631,900,900
24.06.2024 06:28:27.393,396.77,396.631,900,900
24.06.2024 06:28:27.645,396.75800000000004,396.61800000000005,900,900
24.06.2024 06:28:29.701,396.749,396.60699999999997,900,900
24.06.2024 06:28:29.803,396.744,396.60699999999997,900,900
24.06.2024 06:28:30.257,396.744,396.60800000000006,900,900
24.06.2024 06:28:30.659,396.726,396.588,900,900
24.06.2024 06:28:30.710,396.692,396.556,900,900
24.06.2024 06:28:30.811,396.675,396.538,900,900
24.06.2024 06:28:31.013,396.67400000000004,396.538,900,900
24.06.2024 06:28:31.264,396.67400000000004,396.53900000000004,900,900
24.06.2024 06:28:31.617,396.67400000000004,396.54699999999997,900,900
24.06.2024 06:28:31.769,396.67199999999997,396.537,900,900
24.06.2024 06:28:31.920,396.67,396.532,900,900
24.06.2024 06:28:32.625,396.675,396.538,900,900
24.06.2024 06:28:33.077,396.684,396.55,900,900
24.06.2024 06:28:33.178,396.686,396.55,900,900
24.06.2024 06:28:39.001,396.69599999999997,396.559,900,900
24.06.2024 06:28:39.253,396.7,396.56300000000005,900,900
24.06.2024 06:28:43.301,396.725,396.577,450,900
24.06.2024 06:28:43.352,396.725,396.584,450,900
24.06.2024 06:28:43.454,396.726,396.584,900,900
24.06.2024 06:28:43.555,396.745,396.597,450,900
24.06.2024 06:28:43.708,396.745,396.60400000000004,450,900
24.06.2024 06:28:43.759,396.749,396.60400000000004,900,900
24.06.2024 06:28:43.860,396.757,396.60400000000004,450,900
24.06.2024 06:28:43.961,396.755,396.602,1800,900
24.06.2024 06:28:44.063,396.75,396.602,900,900
24.06.2024 06:28:44.917,396.75,396.60699999999997,900,900
24.06.2024 06:28:47.777,396.75,396.61300000000006,900,900
24.06.2024 06:28:47.929,396.75199999999995,396.61300000000006,900,900
24.06.2024 06:28:48.132,396.75800000000004,396.61199999999997,900,900
24.06.2024 06:28:48.233,396.754,396.61199999999997,900,900
24.06.2024 06:28:48.334,396.75,396.61400000000003,900,900
24.06.2024 06:28:48.435,396.751,396.61400000000003,900,900
24.06.2024 06:28:48.988,396.751,396.60699999999997,900,900
24.06.2024 06:28:49.039,396.754,396.61,900,900
24.06.2024 06:28:49.141,396.75,396.61,900,900
24.06.2024 06:28:51.301,396.751,396.61,900,900
24.06.2024 06:28:51.403,396.74199999999996,396.61,900,900
24.06.2024 06:28:51.504,396.74699999999996,396.61,900,900
24.06.2024 06:28:52.408,396.75,396.61,900,900
24.06.2024 06:28:53.212,396.75,396.60699999999997,900,900
24.06.2024 06:28:56.073,396.741,396.60699999999997,900,900
24.06.2024 06:28:56.978,396.75,396.60699999999997,900,900
24.06.2024 06:28:57.279,396.74699999999996,396.60699999999997,900,900
24.06.2024 06:28:57.882,396.75,396.60699999999997,900,900
24.06.2024 06:28:58.887,396.75,396.60400000000004,900,900
24.06.2024 06:28:58.988,396.74300000000005,396.60400000000004,900,900
24.06.2024 06:28:59.139,396.74300000000005,396.60300000000007,900,900
24.06.2024 06:28:59.291,396.722,396.60300000000007,900,900
24.06.2024 06:28:59.895,396.722,396.597,900,900
24.06.2024 06:29:00.298,396.741,396.597,900,900
24.06.2024 06:29:01.303,396.75,396.597,1350,900
24.06.2024 06:29:03.458,396.746,396.597,900,900
24.06.2024 06:29:03.559,396.74800000000005,396.595,900,900
24.06.2024 06:29:07.319,396.74699999999996,396.595,450,900
24.06.2024 06:29:09.277,396.73199999999997,396.595,900,900
24.06.2024 06:29:09.381,396.746,396.595,450,900
24.06.2024 06:29:09.785,396.722,396.595,900,900
24.06.2024 06:29:10.087,396.722,396.588,900,900
24.06.2024 06:29:10.189,396.721,396.588,900,900
24.06.2024 06:29:10.440,396.721,396.592,900,900
24.06.2024 06:29:10.592,396.702,396.58,900,900
24.06.2024 06:29:10.643,396.707,396.58,900,900
24.06.2024 06:29:10.694,396.707,396.582,900,900
24.06.2024 06:29:10.745,396.72,396.582,900,900
24.06.2024 06:29:10.796,396.72,396.588,900,900
24.06.2024 06:29:11.148,396.72400000000005,396.588,900,900
24.06.2024 06:29:11.349,396.73,396.588,900,900
24.06.2024 06:29:11.902,396.736,396.588,900,900
24.06.2024 06:29:12.506,396.735,396.588,900,900
24.06.2024 06:29:12.607,396.736,396.588,900,900
24.06.2024 06:29:14.163,396.736,396.58500000000004,900,900
24.06.2024 06:29:14.314,396.741,396.58500000000004,900,900
24.06.2024 06:29:19.791,396.73400000000004,396.58500000000004,900,900
24.06.2024 06:29:19.992,396.741,396.58500000000004,900,900
24.06.2024 06:29:24.352,396.73900000000003,396.586,900,900
24.06.2024 06:29:24.503,396.736,396.586,900,900
24.06.2024 06:29:24.805,396.73900000000003,396.586,900,900
24.06.2024 06:29:26.611,396.736,396.586,900,900
24.06.2024 06:29:27.766,396.735,396.586,900,900
24.06.2024 06:29:29.774,396.731,396.586,900,900
24.06.2024 06:29:30.981,396.735,396.586,900,900
24.06.2024 06:29:31.082,396.73,396.586,900,900
24.06.2024 06:29:32.538,396.735,396.586,900,900
24.06.2024 06:29:33.542,396.73900000000003,396.586,900,900
24.06.2024 06:29:35.149,396.735,396.586,900,900
24.06.2024 06:29:39.114,396.73400000000004,396.586,900,900
24.06.2024 06:29:39.316,396.73900000000003,396.586,900,900
24.06.2024 06:29:50.606,396.735,396.586,900,900
24.06.2024 06:29:50.858,396.72900000000004,396.57800000000003,900,900
24.06.2024 06:29:50.908,396.711,396.57800000000003,900,900
24.06.2024 06:29:51.010,396.699,396.57800000000003,900,900
24.06.2024 06:29:51.111,396.69,396.57800000000003,900,900
24.06.2024 06:29:51.162,396.69,396.569,900,900
24.06.2024 06:29:51.342,396.69800000000004,396.569,900,900
24.06.2024 06:29:51.695,396.69800000000004,396.555,900,900
24.06.2024 06:29:51.746,396.686,396.555,900,900
24.06.2024 06:29:51.798,396.686,396.54800000000006,900,900
24.06.2024 06:29:51.900,396.686,396.55800000000005,900,900
24.06.2024 06:29:52.001,396.67,396.55,900,900
24.06.2024 06:29:52.052,396.69300000000004,396.55,900,900
24.06.2024 06:29:52.254,396.69300000000004,396.54900000000004,900,900
24.06.2024 06:29:53.763,396.701,396.54900000000004,900,900
24.06.2024 06:29:53.814,396.701,396.556,900,900
24.06.2024 06:29:53.865,396.701,396.55,900,900
24.06.2024 06:29:53.967,396.71000000000004,396.54900000000004,900,900
24.06.2024 06:29:54.269,396.712,396.564,900,900
24.06.2024 06:29:54.370,396.718,396.564,900,900
24.06.2024 06:29:54.872,396.71500000000003,396.564,900,900
24.06.2024 06:29:58.836,396.718,396.564,900,900
24.06.2024 06:30:03.355,396.72800000000007,396.57800000000003,900,900
24.06.2024 06:30:03.456,396.717,396.57800000000003,900,900
24.06.2024 06:30:03.557,396.73300000000006,396.57800000000003,900,900
24.06.2024 06:30:04.713,396.74,396.589,900,900
24.06.2024 06:30:04.814,396.75,396.598,900,900
24.06.2024 06:30:04.915,396.755,396.602,900,900
24.06.2024 06:30:05.016,396.75800000000004,396.60400000000004,450,900
24.06.2024 06:30:05.117,396.76,396.60400000000004,900,900
24.06.2024 06:30:05.168,396.75300000000004,396.601,900,900
24.06.2024 06:30:05.370,396.755,396.602,900,900
24.06.2024 06:30:06.226,396.759,396.60400000000004,1800,900
24.06.2024 06:30:06.327,396.75300000000004,396.601,900,900
24.06.2024 06:30:06.428,396.754,396.601,1800,900
24.06.2024 06:30:06.479,396.75199999999995,396.597,900,900
24.06.2024 06:30:06.630,396.75300000000004,396.602,900,900
24.06.2024 06:30:06.731,396.755,396.602,900,900
24.06.2024 06:30:11.351,396.764,396.611,1800,900
24.06.2024 06:30:14.262,396.767,396.615,900,900
24.06.2024 06:30:14.363,396.765,396.61,900,900
24.06.2024 06:30:14.464,396.766,396.615,1800,900
24.06.2024 06:30:14.817,396.765,396.611,900,900
24.06.2024 06:30:24.875,396.766,396.61400000000003,900,900
24.06.2024 06:30:35.168,396.766,396.611,900,900
24.06.2024 06:30:35.470,396.757,396.605,900,900
24.06.2024 06:30:38.934,396.76300000000003,396.60900000000004,450,900
24.06.2024 06:30:38.985,396.757,396.605,900,900
24.06.2024 06:30:39.086,396.76,396.60699999999997,450,900
24.06.2024 06:30:39.136,396.76,396.61199999999997,450,900
24.06.2024 06:30:39.187,396.766,396.61199999999997,450,900
24.06.2024 06:30:39.288,396.762,396.61199999999997,900,900
24.06.2024 06:30:39.490,396.76300000000003,396.61199999999997,900,900
24.06.2024 06:30:39.994,396.731,396.61199999999997,900,900
24.06.2024 06:30:40.245,396.731,396.61,900,900
24.06.2024 06:30:40.296,396.722,396.61,900,900
24.06.2024 06:30:40.347,396.722,396.591,900,900
24.06.2024 06:30:40.499,396.727,396.586,900,900
24.06.2024 06:30:40.550,396.727,396.583,900,900
24.06.2024 06:30:40.601,396.727,396.591,900,900
24.06.2024 06:30:40.952,396.71000000000004,396.591,900,900
24.06.2024 06:30:41.003,396.72900000000004,396.58500000000004,900,900
24.06.2024 06:30:41.105,396.72900000000004,396.591,900,900
24.06.2024 06:30:41.206,396.73699999999997,396.591,900,900
24.06.2024 06:30:41.609,396.744,396.591,900,900
24.06.2024 06:30:41.811,396.746,396.591,900,900
24.06.2024 06:30:41.862,396.74800000000005,396.601,450,900
24.06.2024 06:30:41.964,396.749,396.60699999999997,450,900
24.06.2024 06:30:42.065,396.75,396.61300000000006,900,900
24.06.2024 06:30:42.116,396.76099999999997,396.61699999999996,450,900
24.06.2024 06:30:42.217,396.764,396.62300000000005,900,900
24.06.2024 06:30:42.268,396.764,396.61800000000005,900,900
24.06.2024 06:30:42.319,396.76800000000003,396.61800000000005,450,900
24.06.2024 06:30:42.369,396.76800000000003,396.625,450,900
24.06.2024 06:30:42.420,396.77,396.625,900,900
24.06.2024 06:30:42.522,396.779,396.634,450,900
24.06.2024 06:30:42.573,396.779,396.62800000000004,450,900
24.06.2024 06:30:42.623,396.781,396.63,450,900
24.06.2024 06:30:42.674,396.781,396.626,450,900
24.06.2024 06:30:42.725,396.782,396.62800000000004,450,900
24.06.2024 06:30:42.826,396.782,396.63599999999997,450,900
24.06.2024 06:30:42.877,396.782,396.63300000000004,450,900
24.06.2024 06:30:42.928,396.782,396.635,900,900
24.06.2024 06:30:43.230,396.785,396.64,900,900
24.06.2024 06:30:43.532,396.787,396.64,900,900
24.06.2024 06:30:43.835,396.788,396.64,900,900
24.06.2024 06:30:43.936,396.787,396.64,450,900
24.06.2024 06:30:44.038,396.78000000000003,396.632,450,900
24.06.2024 06:30:44.139,396.78400000000005,396.637,450,900
24.06.2024 06:30:44.241,396.786,396.64,450,900
24.06.2024 06:30:44.342,396.785,396.64,900,900
24.06.2024 06:30:44.493,396.78400000000005,396.64,900,900
24.06.2024 06:30:44.695,396.778,396.64,900,900
24.06.2024 06:30:44.997,396.777,396.64,900,900
24.06.2024 06:30:45.198,396.778,396.64,900,900
24.06.2024 06:30:47.506,396.779,396.64,900,900
24.06.2024 06:30:47.808,396.776,396.64,900,900
24.06.2024 06:30:48.110,396.776,396.63800000000003,900,900
24.06.2024 06:30:49.316,396.777,396.63800000000003,900,900
24.06.2024 06:30:51.273,396.777,396.626,900,900
24.06.2024 06:30:51.374,396.778,396.626,900,900
24.06.2024 06:30:51.476,396.774,396.62199999999996,450,900
24.06.2024 06:30:51.577,396.77500000000003,396.62199999999996,450,900
24.06.2024 06:30:51.678,396.773,396.624,450,900
24.06.2024 06:30:51.780,396.77,396.62800000000004,900,900
24.06.2024 06:30:51.830,396.77,396.624,900,900
24.06.2024 06:30:51.881,396.769,396.629,900,900
24.06.2024 06:30:51.932,396.769,396.621,900,900
24.06.2024 06:30:51.983,396.77,396.62300000000005,900,900
24.06.2024 06:30:52.085,396.77,396.629,900,900
24.06.2024 06:30:52.287,396.772,396.629,900,900
24.06.2024 06:30:52.790,396.772,396.61699999999996,900,900
24.06.2024 06:30:52.891,396.75800000000004,396.62,900,900
24.06.2024 06:30:52.993,396.767,396.62,450,900
24.06.2024 06:30:53.094,396.771,396.62,450,900
24.06.2024 06:30:53.245,396.771,396.629,450,900
24.06.2024 06:30:53.347,396.767,396.61,1800,900
24.06.2024 06:30:53.448,396.767,396.61300000000006,1800,900
24.06.2024 06:30:53.549,396.759,396.61300000000006,900,900
24.06.2024 06:30:53.650,396.754,396.61300000000006,900,900
24.06.2024 06:30:54.254,396.754,396.61,900,900
24.06.2024 06:30:54.335,396.754,396.61199999999997,900,900
24.06.2024 06:30:54.389,396.762,396.61199999999997,900,900
24.06.2024 06:30:54.795,396.757,396.61199999999997,900,900
24.06.2024 06:30:55.602,396.75199999999995,396.60400000000004,900,900
24.06.2024 06:30:55.803,396.74699999999996,396.60400000000004,900,900
24.06.2024 06:30:55.905,396.74699999999996,396.602,900,900
24.06.2024 06:30:56.006,396.74699999999996,396.596,900,900
24.06.2024 06:30:56.107,396.744,396.59400000000005,900,900
24.06.2024 06:30:56.510,396.73400000000004,396.59400000000005,900,900
24.06.2024 06:30:57.313,396.74199999999996,396.59400000000005,900,900
24.06.2024 06:30:59.020,396.74199999999996,396.588,900,900
24.06.2024 06:30:59.272,396.73199999999997,396.588,900,900
24.06.2024 06:31:00.278,396.74199999999996,396.588,900,900
24.06.2024 06:31:00.782,396.73199999999997,396.588,900,900
24.06.2024 06:31:03.697,396.73199999999997,396.586,900,900
24.06.2024 06:31:04.853,396.73800000000006,396.586,900,900
24.06.2024 06:31:05.958,396.73900000000003,396.586,900,900
24.06.2024 06:31:13.132,396.736,396.582,900,900
24.06.2024 06:31:13.183,396.73400000000004,396.583,900,900
24.06.2024 06:31:13.284,396.73800000000006,396.583,900,900
24.06.2024 06:31:15.997,396.74300000000005,396.583,900,900
24.06.2024 06:31:21.168,396.73699999999997,396.583,900,900
24.06.2024 06:31:29.825,396.73900000000003,396.58500000000004,900,900
24.06.2024 06:31:29.976,396.736,396.58500000000004,900,900
24.06.2024 06:31:31.330,396.72800000000007,396.58,900,900
24.06.2024 06:31:31.382,396.727,396.576,900,900
24.06.2024 06:31:32.191,396.74,396.591,900,900
24.06.2024 06:31:33.296,396.72,396.584,900,900
24.06.2024 06:31:40.270,396.727,396.59000000000003,900,900
24.06.2024 06:31:40.422,396.72400000000005,396.588,900,900
24.06.2024 06:31:41.328,396.72,396.583,900,900
24.06.2024 06:31:53.780,396.712,396.576,900,900
24.06.2024 06:31:55.943,396.713,396.576,900,900
24.06.2024 06:31:56.195,396.711,396.575,900,900
24.06.2024 06:32:00.211,396.709,396.57,900,900
24.06.2024 06:32:00.262,396.70300000000003,396.56300000000005,900,900
24.06.2024 06:32:00.464,396.694,396.56,900,900
24.06.2024 06:32:01.770,396.69300000000004,396.556,900,900
24.06.2024 06:32:04.204,396.701,396.565,900,900
24.06.2024 06:32:10.879,396.706,396.565,900,900
24.06.2024 06:32:12.840,396.702,396.565,900,900
24.06.2024 06:32:13.995,396.713,396.57,900,900
24.06.2024 06:32:14.147,396.708,396.566,900,900
24.06.2024 06:32:16.055,396.718,396.57099999999997,900,900
24.06.2024 06:32:24.990,396.723,396.572,900,900
24.06.2024 06:32:25.091,396.72400000000005,396.57800000000003,900,900
24.06.2024 06:32:26.751,396.736,396.589,900,900
24.06.2024 06:32:26.953,396.74699999999996,396.59900000000005,900,900
24.06.2024 06:32:27.105,396.75300000000004,396.601,900,900
24.06.2024 06:32:27.206,396.75800000000004,396.60699999999997,900,900
24.06.2024 06:32:28.463,396.769,396.61300000000006,900,900
24.06.2024 06:32:31.178,396.77500000000003,396.619,900,900
24.06.2024 06:32:34.541,396.767,396.619,900,900
24.06.2024 06:32:35.043,396.77500000000003,396.619,900,900
24.06.2024 06:32:40.008,396.764,396.61400000000003,900,900
24.06.2024 06:33:01.096,396.759,396.611,900,900
24.06.2024 06:33:01.800,396.75800000000004,396.60900000000004,900,900
24.06.2024 06:33:04.812,396.76800000000003,396.61699999999996,900,900
24.06.2024 06:33:07.974,396.782,396.637,450,900
24.06.2024 06:33:08.025,396.79,396.637,900,900
24.06.2024 06:33:08.126,396.792,396.644,900,900
24.06.2024 06:33:10.888,396.801,396.652,900,900
24.06.2024 06:33:12.397,396.792,396.64300000000003,900,900
24.06.2024 06:33:12.851,396.779,396.63,900,900
24.06.2024 06:33:13.002,396.787,396.639,900,900
24.06.2024 06:33:13.404,396.778,396.63,900,900
24.06.2024 06:33:23.792,396.779,396.634,900,900
24.06.2024 06:33:24.395,396.788,396.635,900,900
24.06.2024 06:33:34.393,396.78400000000005,396.635,900,900
24.06.2024 06:33:51.238,396.795,396.64,900,900
24.06.2024 06:33:52.343,396.78400000000005,396.635,900,900
24.06.2024 06:33:54.902,396.79800000000006,396.645,450,900
24.06.2024 06:33:54.953,396.79800000000006,396.662,450,900
24.06.2024 06:33:55.004,396.79800000000006,396.658,450,900
24.06.2024 06:33:55.055,396.81,396.658,450,900
24.06.2024 06:33:55.106,396.81,396.665,450,900
24.06.2024 06:33:55.207,396.81,396.67199999999997,900,900
24.06.2024 06:33:55.258,396.81199999999995,396.66900000000004,900,900
24.06.2024 06:33:55.309,396.81199999999995,396.67199999999997,900,900
24.06.2024 06:33:55.461,396.81300000000005,396.67199999999997,900,900
24.06.2024 06:33:55.511,396.81300000000005,396.66400000000004,900,900
24.06.2024 06:33:55.613,396.814,396.66800000000006,450,900
24.06.2024 06:33:55.664,396.814,396.666,900,900
24.06.2024 06:33:55.765,396.815,396.66900000000004,900,900
24.06.2024 06:33:55.866,396.815,396.666,900,900
24.06.2024 06:33:55.917,396.815,396.67300000000006,900,900
24.06.2024 06:33:55.968,396.817,396.671,900,900
24.06.2024 06:33:56.070,396.819,396.666,450,900
24.06.2024 06:33:56.171,396.81800000000004,396.671,900,900
24.06.2024 06:33:56.272,396.815,396.67,900,900
24.06.2024 06:33:56.323,396.815,396.66400000000004,900,900
24.06.2024 06:33:56.374,396.817,396.66400000000004,450,900
24.06.2024 06:33:56.425,396.817,396.66800000000006,450,900
24.06.2024 06:33:56.526,396.816,396.671,900,900
24.06.2024 06:33:56.577,396.82099999999997,396.671,900,900
24.06.2024 06:33:56.628,396.82099999999997,396.66400000000004,900,900
24.06.2024 06:33:56.729,396.82,396.665,450,900
24.06.2024 06:33:56.780,396.814,396.665,900,900
24.06.2024 06:33:56.881,396.819,396.665,450,900
24.06.2024 06:33:56.932,396.819,396.67199999999997,450,900
24.06.2024 06:33:57.033,396.81800000000004,396.66900000000004,900,900
24.06.2024 06:33:57.134,396.819,396.663,900,900
24.06.2024 06:33:57.185,396.819,396.671,900,900
24.06.2024 06:33:57.236,396.819,396.66800000000006,900,900
24.06.2024 06:33:57.287,396.817,396.66800000000006,450,900
24.06.2024 06:33:57.388,396.81800000000004,396.67300000000006,450,900
24.06.2024 06:33:57.489,396.816,396.67900000000003,900,900
24.06.2024 06:33:57.540,396.816,396.675,900,900
24.06.2024 06:33:57.592,396.82099999999997,396.67400000000004,450,900
24.06.2024 06:33:57.643,396.82099999999997,396.67199999999997,450,900
24.06.2024 06:33:57.694,396.819,396.67199999999997,450,900
24.06.2024 06:33:57.795,396.825,396.691,900,900
24.06.2024 06:33:57.846,396.825,396.689,900,900
24.06.2024 06:33:57.897,396.832,396.69800000000004,900,900
24.06.2024 06:33:57.948,396.832,396.691,900,900
24.06.2024 06:33:57.999,396.833,396.695,450,900
24.06.2024 06:33:58.050,396.833,396.692,450,900
24.06.2024 06:33:58.100,396.838,396.69800000000004,900,900
24.06.2024 06:33:58.151,396.838,396.69300000000004,900,900
24.06.2024 06:33:58.303,396.834,396.69599999999997,900,900
24.06.2024 06:33:58.404,396.83500000000004,396.69599999999997,900,900
24.06.2024 06:33:58.456,396.83500000000004,396.685,900,900
24.06.2024 06:33:58.507,396.84000000000003,396.691,450,900
24.06.2024 06:33:58.608,396.838,396.691,450,900
24.06.2024 06:33:58.709,396.833,396.691,900,900
24.06.2024 06:33:58.811,396.834,396.691,900,900
24.06.2024 06:33:58.963,396.834,396.692,900,900
24.06.2024 06:33:59.014,396.838,396.69300000000004,900,900
24.06.2024 06:33:59.116,396.84900000000005,396.69300000000004,900,900
24.06.2024 06:33:59.217,396.83,396.692,900,900
24.06.2024 06:33:59.319,396.829,396.69300000000004,900,900
24.06.2024 06:33:59.420,396.831,396.69300000000004,900,900
24.06.2024 06:33:59.471,396.831,396.697,900,900
24.06.2024 06:33:59.522,396.832,396.694,900,900
24.06.2024 06:33:59.624,396.832,396.692,900,900
24.06.2024 06:33:59.675,396.832,396.686,900,900
24.06.2024 06:33:59.776,396.842,396.68699999999995,900,900
24.06.2024 06:33:59.827,396.838,396.681,450,900
24.06.2024 06:33:59.928,396.826,396.68800000000005,900,900
24.06.2024 06:34:00.030,396.827,396.68800000000005,900,900
24.06.2024 06:34:00.131,396.831,396.68800000000005,900,900
24.06.2024 06:34:00.182,396.831,396.68199999999996,900,900
24.06.2024 06:34:00.283,396.831,396.685,900,900
24.06.2024 06:34:00.385,396.826,396.676,900,900
24.06.2024 06:34:00.435,396.825,396.68199999999996,900,900
24.06.2024 06:34:00.537,396.825,396.68300000000005,900,900
24.06.2024 06:34:00.588,396.825,396.67699999999996,900,900
24.06.2024 06:34:00.639,396.825,396.686,900,900
24.06.2024 06:34:00.689,396.825,396.67699999999996,900,900
24.06.2024 06:34:00.740,396.833,396.681,450,900
24.06.2024 06:34:00.791,396.833,396.67300000000006,1350,900
24.06.2024 06:34:00.842,396.82800000000003,396.67400000000004,900,900
24.06.2024 06:34:00.944,396.824,396.68199999999996,900,900
24.06.2024 06:34:01.045,396.82800000000003,396.676,900,900
24.06.2024 06:34:01.146,396.825,396.676,900,900
24.06.2024 06:34:01.247,396.824,396.676,900,900
24.06.2024 06:34:01.349,396.825,396.676,900,900
24.06.2024 06:34:01.450,396.83500000000004,396.67400000000004,450,900
24.06.2024 06:34:01.551,396.834,396.67400000000004,450,900
24.06.2024 06:34:01.703,396.834,396.68300000000005,450,900
24.06.2024 06:34:01.804,396.825,396.681,900,900
24.06.2024 06:34:01.855,396.834,396.681,450,900
24.06.2024 06:34:01.956,396.825,396.681,900,900
24.06.2024 06:34:02.007,396.825,396.67199999999997,900,900
24.06.2024 06:34:02.108,396.824,396.68199999999996,900,900
24.06.2024 06:34:02.210,396.824,396.67400000000004,900,900
24.06.2024 06:34:02.260,396.829,396.68199999999996,900,900
24.06.2024 06:34:02.362,396.825,396.68199999999996,900,900
24.06.2024 06:34:02.413,396.825,396.675,900,900
24.06.2024 06:34:02.514,396.825,396.681,900,900
24.06.2024 06:34:02.565,396.833,396.685,450,900
24.06.2024 06:34:02.616,396.833,396.67699999999996,450,900
24.06.2024 06:34:02.717,396.834,396.67699999999996,450,900
24.06.2024 06:34:02.768,396.829,396.67900000000003,900,900
24.06.2024 06:34:02.869,396.825,396.68300000000005,900,900
24.06.2024 06:34:02.970,396.829,396.68300000000005,900,900
24.06.2024 06:34:03.072,396.829,396.67900000000003,900,900
24.06.2024 06:34:03.123,396.829,396.686,900,900
24.06.2024 06:34:03.174,396.832,396.686,450,900
24.06.2024 06:34:03.275,396.825,396.686,900,900
24.06.2024 06:34:03.326,396.825,396.67300000000006,900,900
24.06.2024 06:34:03.427,396.825,396.67199999999997,450,900
24.06.2024 06:34:03.478,396.833,396.681,450,900
24.06.2024 06:34:03.529,396.833,396.67900000000003,450,900
24.06.2024 06:34:03.580,396.829,396.67900000000003,900,900
24.06.2024 06:34:03.681,396.825,396.67300000000006,900,900
24.06.2024 06:34:03.732,396.825,396.671,900,900
24.06.2024 06:34:03.783,396.834,396.681,450,900
24.06.2024 06:34:03.834,396.834,396.67699999999996,450,900
24.06.2024 06:34:03.885,396.833,396.67400000000004,450,900
24.06.2024 06:34:03.936,396.833,396.681,450,900
24.06.2024 06:34:04.037,396.829,396.68199999999996,900,900
24.06.2024 06:34:04.088,396.836,396.67400000000004,900,900
24.06.2024 06:34:04.139,396.84000000000003,396.684,900,900
24.06.2024 06:34:04.241,396.83,396.67199999999997,900,900
24.06.2024 06:34:04.292,396.825,396.68,900,900
24.06.2024 06:34:04.393,396.825,396.684,900,900
24.06.2024 06:34:04.444,396.825,396.67900000000003,900,900
24.06.2024 06:34:04.495,396.83,396.68,900,900
24.06.2024 06:34:04.597,396.825,396.67900000000003,450,900
24.06.2024 06:34:04.698,396.832,396.67199999999997,450,900
24.06.2024 06:34:04.749,396.832,396.67800000000005,450,900
24.06.2024 06:34:04.799,396.83,396.67300000000006,450,900
24.06.2024 06:34:04.900,396.83,396.675,450,900
24.06.2024 06:34:05.002,396.826,396.675,900,900
24.06.2024 06:34:05.304,396.832,396.675,450,900
24.06.2024 06:34:05.406,396.832,396.68,450,900
24.06.2024 06:34:05.507,396.826,396.68,900,900
24.06.2024 06:34:05.558,396.826,396.675,900,900
24.06.2024 06:34:05.710,396.832,396.68,450,900
24.06.2024 06:34:05.811,396.826,396.68,900,900
24.06.2024 06:34:05.861,396.826,396.675,900,900
24.06.2024 06:34:05.912,396.826,396.67199999999997,450,900
24.06.2024 06:34:06.165,396.826,396.67900000000003,900,900
24.06.2024 06:34:06.266,396.826,396.684,900,900
24.06.2024 06:34:06.468,396.826,396.67199999999997,900,900
24.06.2024 06:34:06.519,396.833,396.686,450,900
24.06.2024 06:34:06.620,396.833,396.691,450,900
24.06.2024 06:34:06.670,396.833,396.67900000000003,450,900
24.06.2024 06:34:06.721,396.83,396.67900000000003,900,900
24.06.2024 06:34:06.772,396.829,396.67,900,900
24.06.2024 06:34:06.823,396.826,396.67699999999996,450,900
24.06.2024 06:34:06.924,396.833,396.681,450,900
24.06.2024 06:34:06.975,396.833,396.67800000000005,450,900
24.06.2024 06:34:07.126,396.832,396.67800000000005,450,900
24.06.2024 06:34:07.227,396.826,396.675,900,900
24.06.2024 06:34:07.278,396.826,396.67300000000006,900,900
24.06.2024 06:34:07.329,396.826,396.676,900,900
24.06.2024 06:34:07.481,396.826,396.67199999999997,900,900
24.06.2024 06:34:07.582,396.826,396.676,900,900
24.06.2024 06:34:07.633,396.831,396.676,450,900
24.06.2024 06:34:07.734,396.826,396.676,900,900
24.06.2024 06:34:07.836,396.836,396.67900000000003,450,900
24.06.2024 06:34:07.937,396.834,396.67699999999996,450,900
24.06.2024 06:34:08.038,396.826,396.67800000000005,900,900
24.06.2024 06:34:08.089,396.826,396.67,900,900
24.06.2024 06:34:08.140,396.83,396.681,900,900
24.06.2024 06:34:08.191,396.83,396.67400000000004,900,900
24.06.2024 06:34:08.242,396.826,396.67199999999997,900,900
24.06.2024 06:34:08.343,396.832,396.67400000000004,450,900
24.06.2024 06:34:08.444,396.826,396.676,900,900
24.06.2024 06:34:08.545,396.826,396.67699999999996,900,900
24.06.2024 06:34:08.849,396.833,396.67699999999996,450,900
24.06.2024 06:34:08.950,396.826,396.67699999999996,900,900
24.06.2024 06:34:09.052,396.83,396.65500000000003,900,900
24.06.2024 06:34:09.153,396.826,396.65500000000003,900,900
24.06.2024 06:34:11.895,396.826,396.67699999999996,900,900
24.06.2024 06:34:11.947,396.826,396.67,900,900
24.06.2024 06:34:12.048,396.827,396.67,450,900
24.06.2024 06:34:12.099,396.829,396.67,450,900
24.06.2024 06:34:13.855,396.832,396.67,450,900
24.06.2024 06:34:20.582,396.82,396.67,450,900
24.06.2024 06:34:20.839,396.82,396.66900000000004,450,900
24.06.2024 06:34:20.890,396.826,396.66900000000004,450,900
24.06.2024 06:34:20.941,396.826,396.67199999999997,450,900
24.06.2024 06:34:20.992,396.832,396.67199999999997,900,900
24.06.2024 06:34:21.093,396.82,396.66400000000004,900,900
24.06.2024 06:34:21.194,396.82,396.66900000000004,450,900
24.06.2024 06:34:21.295,396.824,396.66900000000004,450,900
24.06.2024 06:34:21.347,396.82099999999997,396.661,900,900
24.06.2024 06:34:21.397,396.822,396.66900000000004,450,900
24.06.2024 06:34:21.448,396.822,396.667,450,900
24.06.2024 06:34:21.499,396.81800000000004,396.667,900,900
24.06.2024 06:34:21.600,396.819,396.667,900,900
24.06.2024 06:34:21.802,396.81800000000004,396.667,900,900
24.06.2024 06:34:22.004,396.817,396.66,900,900
24.06.2024 06:34:22.055,396.817,396.662,900,900
24.06.2024 06:34:22.207,396.819,396.66900000000004,900,900
24.06.2024 06:34:22.257,396.819,396.667,900,900
24.06.2024 06:34:22.308,396.819,396.67,900,900
24.06.2024 06:34:22.410,396.827,396.67,450,900
24.06.2024 06:34:22.511,396.82800000000003,396.67,450,900
24.06.2024 06:34:23.013,396.829,396.67300000000006,450,900
24.06.2024 06:34:23.114,396.83500000000004,396.67900000000003,450,900
24.06.2024 06:34:23.216,396.831,396.68,450,900
24.06.2024 06:34:23.317,396.829,396.68,450,900
24.06.2024 06:34:23.418,396.829,396.67900000000003,450,900
24.06.2024 06:34:23.520,396.829,396.68300000000005,450,900
24.06.2024 06:34:23.571,396.832,396.68300000000005,900,900
24.06.2024 06:34:23.672,396.832,396.681,900,900
24.06.2024 06:34:23.723,396.832,396.67800000000005,900,900
24.06.2024 06:34:23.824,396.831,396.681,900,900
24.06.2024 06:34:23.925,396.831,396.686,450,900
24.06.2024 06:34:24.077,396.83,396.686,900,900
24.06.2024 06:34:24.127,396.83,396.67800000000005,900,900
24.06.2024 06:34:24.229,396.83,396.67900000000003,900,900
24.06.2024 06:34:24.279,396.83,396.686,900,900
24.06.2024 06:34:24.330,396.83,396.676,900,900
24.06.2024 06:34:24.431,396.83,396.68199999999996,900,900
24.06.2024 06:34:24.482,396.832,396.68199999999996,450,900
24.06.2024 06:34:24.584,396.83,396.675,900,900
24.06.2024 06:34:24.786,396.829,396.675,450,900
24.06.2024 06:34:25.288,396.83,396.675,450,900
24.06.2024 06:34:25.490,396.82800000000003,396.675,450,900
24.06.2024 06:34:27.997,396.83,396.675,450,900
24.06.2024 06:34:28.348,396.829,396.675,450,900
24.06.2024 06:34:28.951,396.83,396.675,450,900
24.06.2024 06:34:29.253,396.829,396.675,450,900
24.06.2024 06:34:29.756,396.832,396.675,450,900
24.06.2024 06:34:30.058,396.83,396.675,450,900
24.06.2024 06:34:30.159,396.832,396.675,450,900
24.06.2024 06:34:30.411,396.824,396.67,900,900
24.06.2024 06:34:30.462,396.83,396.67199999999997,900,900
24.06.2024 06:34:35.177,396.83,396.67699999999996,900,900
24.06.2024 06:34:35.479,396.83,396.67800000000005,900,900
24.06.2024 06:34:35.631,396.83,396.67699999999996,900,900
24.06.2024 06:34:35.681,396.8,396.645,900,900
24.06.2024 06:34:35.732,396.781,396.641,900,900
24.06.2024 06:34:35.783,396.781,396.63,900,900
24.06.2024 06:34:35.834,396.751,396.63,900,900
24.06.2024 06:34:35.935,396.785,396.63,900,900
24.06.2024 06:34:36.087,396.80300000000005,396.574,450,2700
24.06.2024 06:34:36.188,396.811,396.58,450,2700
24.06.2024 06:34:36.842,396.81199999999995,396.58,450,2700
24.06.2024 06:34:36.944,396.81300000000005,396.58,450,2700
24.06.2024 06:34:37.045,396.81300000000005,396.59000000000003,450,450
24.06.2024 06:34:37.146,396.80400000000003,396.651,900,900
24.06.2024 06:34:43.872,396.8,396.647,900,900
24.06.2024 06:34:50.886,396.778,396.626,900,900
24.06.2024 06:34:50.987,396.76300000000003,396.60800000000006,900,900
24.06.2024 06:34:51.038,396.756,396.616,900,900
24.06.2024 06:34:51.140,396.782,396.624,900,900
24.06.2024 06:34:51.191,396.78900000000004,396.63599999999997,900,900
24.06.2024 06:34:51.294,396.79400000000004,396.64,900,900
24.06.2024 06:34:53.253,396.80400000000003,396.645,900,900
24.06.2024 06:34:53.304,396.805,396.647,450,900
24.06.2024 06:34:53.354,396.80699999999996,396.647,450,900
24.06.2024 06:34:53.456,396.80800000000005,396.647,450,900
24.06.2024 06:34:53.557,396.80699999999996,396.653,450,900
24.06.2024 06:34:53.658,396.80800000000005,396.653,450,900
24.06.2024 06:34:54.963,396.79900000000004,396.648,900,900
24.06.2024 06:34:57.875,396.809,396.65000000000003,1350,900
24.06.2024 06:34:58.027,396.80800000000005,396.65000000000003,450,900
24.06.2024 06:35:00.587,396.809,396.65000000000003,1350,900
24.06.2024 06:35:01.342,396.79900000000004,396.648,900,900
24.06.2024 06:35:01.594,396.8,396.647,900,900
24.06.2024 06:35:05.912,396.79900000000004,396.646,900,900
24.06.2024 06:35:10.934,396.792,396.637,900,900
24.06.2024 06:35:10.985,396.79699999999997,396.644,900,900
24.06.2024 06:35:12.492,396.796,396.644,900,900
24.06.2024 06:35:12.694,396.79699999999997,396.644,900,900
24.06.2024 06:35:30.170,396.78900000000004,396.644,900,900
24.06.2024 06:35:30.975,396.78900000000004,396.642,900,900
24.06.2024 06:35:31.076,396.796,396.642,900,900
24.06.2024 06:35:31.278,396.79400000000004,396.642,900,900
24.06.2024 06:35:32.182,396.796,396.642,900,900
24.06.2024 06:35:32.786,396.79,396.642,900,900
24.06.2024 06:35:33.540,396.796,396.642,900,900
24.06.2024 06:35:41.720,396.79300000000006,396.637,900,900
24.06.2024 06:35:42.123,396.79400000000004,396.641,900,900
24.06.2024 06:35:42.476,396.79900000000004,396.64300000000003,900,900
24.06.2024 06:35:42.526,396.795,396.642,900,900
24.06.2024 06:35:45.942,396.795,396.641,900,900
24.06.2024 06:35:47.047,396.79900000000004,396.64300000000003,900,900
24.06.2024 06:36:00.062,396.8,396.642,900,900
24.06.2024 06:36:09.739,396.78900000000004,396.637,900,900
24.06.2024 06:36:21.330,396.782,396.63,900,900
24.06.2024 06:36:23.889,396.787,396.634,900,900
24.06.2024 06:36:31.568,396.782,396.62800000000004,900,900
24.06.2024 06:36:33.386,396.776,396.629,900,900
24.06.2024 06:36:33.438,396.77,396.62199999999996,900,900
24.06.2024 06:36:33.539,396.762,396.60699999999997,900,900
24.06.2024 06:36:33.590,396.76300000000003,396.61400000000003,900,900
24.06.2024 06:36:33.793,396.769,396.62199999999996,900,900
24.06.2024 06:36:33.945,396.77500000000003,396.624,900,900
24.06.2024 06:36:35.350,396.764,396.619,900,900
24.06.2024 06:36:35.451,396.766,396.624,900,900
24.06.2024 06:36:38.913,396.765,396.624,900,900
24.06.2024 06:36:38.964,396.759,396.616,900,900
24.06.2024 06:36:44.331,396.766,396.62199999999996,900,900
24.06.2024 06:36:56.322,396.76300000000003,396.621,900,900
24.06.2024 06:36:56.725,396.75800000000004,396.61300000000006,900,900
24.06.2024 06:36:59.637,396.75800000000004,396.61400000000003,900,900
24.06.2024 06:37:02.548,396.78000000000003,396.625,900,900
24.06.2024 06:37:03.955,396.776,396.625,900,900
24.06.2024 06:37:04.559,396.78000000000003,396.625,900,900
24.06.2024 06:37:12.435,396.79800000000006,396.635,450,900
24.06.2024 06:37:12.486,396.79800000000006,396.641,450,900
24.06.2024 06:37:12.588,396.80199999999996,396.658,450,900
24.06.2024 06:37:12.639,396.806,396.658,450,900
24.06.2024 06:37:12.690,396.806,396.665,450,900
24.06.2024 06:37:12.791,396.816,396.671,450,900
24.06.2024 06:37:12.842,396.817,396.67800000000005,450,900
24.06.2024 06:37:12.943,396.827,396.69,450,900
24.06.2024 06:37:13.045,396.842,396.702,450,900
24.06.2024 06:37:13.147,396.848,396.709,450,900
24.06.2024 06:37:13.248,396.86800000000005,396.721,900,900
24.06.2024 06:37:13.299,396.86800000000005,396.723,900,900
24.06.2024 06:37:13.350,396.876,396.721,900,900
24.06.2024 06:37:13.401,396.876,396.725,900,900
24.06.2024 06:37:13.553,396.87300000000005,396.726,900,900
24.06.2024 06:37:13.604,396.87300000000005,396.721,900,900
24.06.2024 06:37:13.705,396.875,396.721,900,900
24.06.2024 06:37:13.756,396.87300000000005,396.725,900,900
24.06.2024 06:37:13.807,396.87300000000005,396.72,900,900
24.06.2024 06:37:13.857,396.87199999999996,396.725,900,900
24.06.2024 06:37:13.908,396.87199999999996,396.721,900,900
24.06.2024 06:37:14.010,396.87300000000005,396.725,900,900
24.06.2024 06:37:14.061,396.874,396.72,900,900
24.06.2024 06:37:14.112,396.874,396.725,900,900
24.06.2024 06:37:14.232,396.87199999999996,396.725,900,900
24.06.2024 06:37:14.334,396.876,396.727,900,900
24.06.2024 06:37:14.437,396.869,396.72,900,900
24.06.2024 06:37:14.538,396.879,396.727,900,900
24.06.2024 06:37:14.589,396.879,396.72900000000004,900,900
24.06.2024 06:37:14.691,396.87199999999996,396.72900000000004,900,900
24.06.2024 06:37:14.793,396.87199999999996,396.727,900,900
24.06.2024 06:37:14.894,396.87199999999996,396.72400000000005,900,900
24.06.2024 06:37:14.995,396.87199999999996,396.71900000000005,900,900
24.06.2024 06:37:15.046,396.879,396.726,220,900
24.06.2024 06:37:15.147,396.879,396.727,220,900
24.06.2024 06:37:15.249,396.879,396.721,220,900
24.06.2024 06:37:15.350,396.869,396.721,900,900
24.06.2024 06:37:15.451,396.87199999999996,396.735,900,900
24.06.2024 06:37:15.553,396.904,396.751,900,900
24.06.2024 06:37:15.603,396.904,396.76300000000003,900,900
24.06.2024 06:37:15.654,396.912,396.76300000000003,450,900
24.06.2024 06:37:15.756,396.912,396.772,450,900
24.06.2024 06:37:15.857,396.912,396.782,450,900
24.06.2024 06:37:15.908,396.912,396.778,450,900
24.06.2024 06:37:15.959,396.934,396.78900000000004,900,900
24.06.2024 06:37:16.010,396.934,396.79300000000006,900,900
24.06.2024 06:37:16.060,396.80699999999996,396.80199999999996,450,900
24.06.2024 06:37:16.111,396.809,396.80400000000003,450,900
24.06.2024 06:37:16.162,396.805,396.8,450,900
24.06.2024 06:37:16.213,396.945,396.75199999999995,450,2700
24.06.2024 06:37:16.568,396.945,396.79800000000006,450,900
24.06.2024 06:37:16.670,396.945,396.79699999999997,450,900
24.06.2024 06:37:17.276,396.945,396.801,450,900
24.06.2024 06:37:17.429,396.945,396.79900000000004,450,900
24.06.2024 06:37:17.480,396.945,396.796,450,900
24.06.2024 06:37:17.935,396.945,396.79,450,900
24.06.2024 06:37:17.985,396.945,396.796,450,900
24.06.2024 06:37:18.036,396.95300000000003,396.79300000000006,900,900
24.06.2024 06:37:18.087,396.95300000000003,396.79800000000006,900,900
24.06.2024 06:37:18.138,396.95300000000003,396.792,450,900
24.06.2024 06:37:18.289,396.95300000000003,396.796,450,900
24.06.2024 06:37:18.391,396.949,396.79800000000006,900,900
24.06.2024 06:37:18.441,396.947,396.79300000000006,900,900
24.06.2024 06:37:18.543,396.95300000000003,396.79300000000006,450,900
24.06.2024 06:37:18.644,396.95300000000003,396.791,450,900
24.06.2024 06:37:18.695,396.95300000000003,396.78900000000004,450,900
