Gmt time,Ask,Bid,AskVolume,BidVolume
24.06.2024 00:00:00.177,1.74913,1.74881,120,220
24.06.2024 00:00:00.280,1.74911,1.7487700000000002,220,450
24.06.2024 00:00:00.431,1.74911,1.7487400000000002,220,220
24.06.2024 00:00:00.985,1.74913,1.7487599999999999,220,220
24.06.2024 00:00:01.087,1.7491400000000001,1.7487900000000003,220,220
24.06.2024 00:00:02.848,1.74905,1.7487400000000002,220,450
24.06.2024 00:00:02.899,1.7490599999999998,1.7487000000000001,220,220
24.06.2024 00:00:03.101,1.74908,1.74865,120,670
24.06.2024 00:00:04.107,1.7490700000000001,1.7486900000000003,220,220
24.06.2024 00:00:08.843,1.74908,1.74872,220,220
24.06.2024 00:00:09.046,1.7490900000000003,1.7487599999999999,120,220
24.06.2024 00:00:09.198,1.7491,1.7487700000000002,450,220
24.06.2024 00:00:09.249,1.74913,1.7487900000000003,120,220
24.06.2024 00:00:10.105,1.74915,1.7488000000000001,310,220
24.06.2024 00:00:11.263,1.74918,1.7488400000000002,120,220
24.06.2024 00:00:12.830,1.7491400000000001,1.74881,120,220
24.06.2024 00:00:17.009,1.7491400000000001,1.7487900000000003,310,220
24.06.2024 00:00:17.715,1.74911,1.7487900000000003,120,220
24.06.2024 00:00:20.134,1.7491400000000001,1.7487900000000003,310,220
24.06.2024 00:00:20.892,1.74913,1.7487900000000003,120,220
24.06.2024 00:00:21.346,1.7490900000000003,1.74878,120,220
24.06.2024 00:00:22.456,1.7490900000000003,1.74875,120,220
24.06.2024 00:00:23.111,1.7491,1.7487599999999999,120,220
24.06.2024 00:00:24.070,1.7490700000000001,1.7487599999999999,120,220
24.06.2024 00:00:25.077,1.7490700000000001,1.74878,120,220
24.06.2024 00:00:25.481,1.7491200000000002,1.7487700000000002,120,220
24.06.2024 00:00:28.995,1.7491,1.7487400000000002,220,220
24.06.2024 00:00:29.097,1.74911,1.7487599999999999,310,220
24.06.2024 00:00:29.298,1.7491,1.7487400000000002,220,220
24.06.2024 00:00:33.876,1.74911,1.7487700000000002,310,220
24.06.2024 00:00:42.025,1.7491,1.7487599999999999,220,220
24.06.2024 00:00:45.600,1.7490599999999998,1.74872,220,670
24.06.2024 00:00:48.064,1.7490900000000003,1.7487300000000001,220,220
24.06.2024 00:00:50.228,1.74905,1.74871,220,220
24.06.2024 00:00:53.506,1.74898,1.7486700000000002,220,450
24.06.2024 00:00:53.608,1.7489400000000002,1.7486400000000002,220,450
24.06.2024 00:00:53.659,1.74895,1.7485900000000003,220,220
24.06.2024 00:00:53.811,1.7489200000000003,1.7486000000000002,120,220
24.06.2024 00:00:54.068,1.7489400000000002,1.7486000000000002,220,220
24.06.2024 00:00:57.843,1.74893,1.74858,220,670
24.06.2024 00:01:00.152,1.749,1.7486400000000002,120,220
24.06.2024 00:01:03.681,1.7490900000000003,1.7487400000000002,1120,220
24.06.2024 00:01:06.905,1.74911,1.7487900000000003,120,220
24.06.2024 00:01:07.208,1.74915,1.74878,310,220
24.06.2024 00:01:07.411,1.74911,1.7487599999999999,220,220
24.06.2024 00:01:07.513,1.7491900000000002,1.74885,120,220
24.06.2024 00:01:07.564,1.74915,1.7488000000000001,220,670
24.06.2024 00:01:07.767,1.74915,1.7487900000000003,120,220
24.06.2024 00:01:08.121,1.74915,1.7488000000000001,220,220
24.06.2024 00:01:09.533,1.74915,1.74881,220,450
24.06.2024 00:01:10.238,1.74915,1.7488000000000001,220,670
24.06.2024 00:01:10.440,1.74918,1.74881,220,220
24.06.2024 00:01:13.509,1.74911,1.7488000000000001,220,450
24.06.2024 00:01:13.560,1.74913,1.7488000000000001,220,450
24.06.2024 00:01:13.661,1.74913,1.7487900000000003,220,450
24.06.2024 00:01:13.762,1.7491400000000001,1.7487700000000002,220,670
24.06.2024 00:01:17.640,1.74913,1.7487900000000003,220,450
24.06.2024 00:01:17.792,1.74915,1.7487900000000003,220,220
24.06.2024 00:01:18.244,1.7491900000000002,1.7488700000000001,120,220
24.06.2024 00:01:18.295,1.7492200000000002,1.7488700000000001,310,220
24.06.2024 00:01:20.407,1.7491900000000002,1.7488700000000001,120,220
24.06.2024 00:01:21.315,1.74923,1.7488599999999999,310,220
24.06.2024 00:01:21.618,1.7491900000000002,1.7488700000000001,120,220
24.06.2024 00:01:22.272,1.74923,1.7488599999999999,310,220
24.06.2024 00:01:23.228,1.7491900000000002,1.7488700000000001,120,220
24.06.2024 00:01:26.693,1.74923,1.7488599999999999,310,220
24.06.2024 00:01:27.246,1.7492,1.7488599999999999,120,220
24.06.2024 00:01:28.808,1.7492200000000002,1.7488700000000001,310,220
24.06.2024 00:01:32.636,1.7492200000000002,1.7488900000000003,220,450
24.06.2024 00:01:32.737,1.7493,1.7489599999999998,450,220
24.06.2024 00:01:33.190,1.74927,1.74895,220,450
24.06.2024 00:01:33.292,1.74927,1.7489599999999998,220,450
24.06.2024 00:01:33.444,1.74927,1.74895,220,450
24.06.2024 00:01:34.349,1.7492400000000001,1.74891,220,900
24.06.2024 00:01:34.501,1.7492400000000001,1.7488700000000001,220,220
24.06.2024 00:01:35.713,1.7492400000000001,1.74888,220,120
24.06.2024 00:01:37.525,1.7492500000000002,1.74891,120,220
24.06.2024 00:01:37.676,1.7492,1.7488599999999999,220,450
24.06.2024 00:01:37.879,1.7492,1.7488700000000001,220,450
24.06.2024 00:01:37.980,1.74921,1.7488700000000001,220,450
24.06.2024 00:01:38.684,1.74921,1.7488400000000002,220,220
24.06.2024 00:01:38.987,1.7492,1.7488599999999999,220,450
24.06.2024 00:01:39.691,1.7492,1.7488700000000001,220,450
24.06.2024 00:01:40.094,1.7492,1.74885,220,760
24.06.2024 00:01:40.296,1.7492,1.7488599999999999,220,450
24.06.2024 00:01:40.397,1.7492400000000001,1.7488700000000001,220,220
24.06.2024 00:01:41.204,1.74923,1.7489000000000001,120,220
24.06.2024 00:01:41.558,1.7492500000000002,1.7489000000000001,310,220
24.06.2024 00:01:42.768,1.7492400000000001,1.7488900000000003,120,220
24.06.2024 00:01:43.977,1.7492500000000002,1.7489000000000001,220,220
24.06.2024 00:01:44.783,1.7492400000000001,1.7488900000000003,120,220
24.06.2024 00:01:53.184,1.74921,1.7489000000000001,120,220
24.06.2024 00:01:53.235,1.7491900000000002,1.7488400000000002,220,670
24.06.2024 00:01:57.318,1.74918,1.74883,120,220
24.06.2024 00:01:57.369,1.7491400000000001,1.7488000000000001,220,450
24.06.2024 00:01:57.470,1.7491,1.7488000000000001,220,450
24.06.2024 00:01:57.572,1.7491200000000002,1.7487900000000003,120,220
24.06.2024 00:01:57.623,1.7491200000000002,1.7487599999999999,120,220
24.06.2024 00:01:57.674,1.74908,1.7487300000000001,220,450
24.06.2024 00:01:57.776,1.74908,1.7487400000000002,220,450
24.06.2024 00:01:57.877,1.74913,1.74878,220,220
24.06.2024 00:01:58.433,1.74915,1.74881,120,220
24.06.2024 00:01:58.534,1.7491400000000001,1.74878,120,220
24.06.2024 00:01:59.440,1.7491200000000002,1.74878,120,220
24.06.2024 00:02:00.146,1.74913,1.7487300000000001,120,670
24.06.2024 00:02:00.197,1.74908,1.7487400000000002,220,450
24.06.2024 00:02:00.349,1.74908,1.7487300000000001,220,670
24.06.2024 00:02:00.551,1.74913,1.7488400000000002,120,220
24.06.2024 00:02:00.652,1.74918,1.7488400000000002,670,220
24.06.2024 00:02:01.157,1.7491400000000001,1.7488400000000002,120,220
24.06.2024 00:02:01.611,1.7491400000000001,1.74881,120,220
24.06.2024 00:02:02.820,1.74916,1.74881,220,220
24.06.2024 00:02:05.790,1.7491200000000002,1.74881,120,220
24.06.2024 00:02:06.800,1.74908,1.7487300000000001,220,220
24.06.2024 00:02:06.953,1.74905,1.74872,220,450
24.06.2024 00:02:07.558,1.74905,1.7487000000000001,220,220
24.06.2024 00:02:13.912,1.7490900000000003,1.74872,310,220
24.06.2024 00:02:18.891,1.7490900000000003,1.7487599999999999,120,220
24.06.2024 00:02:20.403,1.7490599999999998,1.7487599999999999,120,220
24.06.2024 00:02:20.554,1.7490700000000001,1.7487000000000001,310,220
24.06.2024 00:02:22.919,1.74901,1.74871,120,220
24.06.2024 00:02:23.071,1.74901,1.7486400000000002,220,220
24.06.2024 00:02:23.476,1.7489599999999998,1.74863,310,450
24.06.2024 00:02:23.578,1.7490599999999998,1.74872,450,220
24.06.2024 00:02:23.680,1.7491200000000002,1.74878,120,220
24.06.2024 00:02:24.133,1.74916,1.7488400000000002,450,220
24.06.2024 00:02:24.235,1.7491700000000001,1.7488599999999999,900,220
24.06.2024 00:02:24.286,1.74918,1.7488700000000001,120,220
24.06.2024 00:02:26.752,1.7491400000000001,1.7487900000000003,220,220
24.06.2024 00:02:27.105,1.74916,1.7487599999999999,120,450
24.06.2024 00:02:27.459,1.74915,1.7487400000000002,120,670
24.06.2024 00:02:28.012,1.74913,1.7487300000000001,120,670
24.06.2024 00:02:28.465,1.74915,1.7487400000000002,120,670
24.06.2024 00:02:30.929,1.7491700000000001,1.74878,120,220
24.06.2024 00:02:31.031,1.74918,1.74881,120,220
24.06.2024 00:02:34.957,1.7491700000000001,1.7488000000000001,120,220
24.06.2024 00:02:35.210,1.74915,1.7487900000000003,120,220
24.06.2024 00:02:35.513,1.74915,1.7487700000000002,120,450
24.06.2024 00:02:36.620,1.74915,1.74875,120,450
24.06.2024 00:02:37.223,1.7491200000000002,1.74875,120,450
24.06.2024 00:02:37.577,1.74911,1.7487300000000001,120,220
24.06.2024 00:02:38.131,1.74905,1.7487300000000001,120,220
24.06.2024 00:02:38.233,1.7490599999999998,1.7486900000000003,120,220
24.06.2024 00:02:38.284,1.74905,1.74868,120,450
24.06.2024 00:02:38.435,1.7490599999999998,1.74865,120,220
24.06.2024 00:02:38.487,1.74903,1.7486599999999999,120,220
24.06.2024 00:02:38.589,1.7490400000000002,1.7486400000000002,120,900
24.06.2024 00:02:38.690,1.74898,1.74863,120,450
24.06.2024 00:02:38.741,1.74898,1.7486000000000002,120,220
24.06.2024 00:02:38.843,1.7489900000000003,1.74862,120,220
24.06.2024 00:02:39.900,1.7489700000000001,1.74862,120,220
24.06.2024 00:02:40.705,1.7490200000000002,1.74865,120,220
24.06.2024 00:02:41.160,1.7490200000000002,1.7486599999999999,120,450
24.06.2024 00:02:41.311,1.74905,1.7486599999999999,120,450
24.06.2024 00:02:41.463,1.74905,1.74865,120,670
24.06.2024 00:02:41.564,1.74903,1.7486400000000002,120,670
24.06.2024 00:02:43.196,1.7490200000000002,1.7486599999999999,120,450
24.06.2024 00:02:43.498,1.7490200000000002,1.74865,120,670
24.06.2024 00:02:44.002,1.7490200000000002,1.7486599999999999,120,450
24.06.2024 00:02:44.304,1.7490200000000002,1.7486700000000002,120,450
24.06.2024 00:02:44.907,1.74903,1.74865,120,450
24.06.2024 00:02:44.958,1.74905,1.7486599999999999,120,450
24.06.2024 00:02:45.210,1.74905,1.7486700000000002,120,450
24.06.2024 00:02:45.914,1.74905,1.7486599999999999,120,450
24.06.2024 00:02:46.469,1.74905,1.7486700000000002,120,450
24.06.2024 00:02:47.073,1.74905,1.74868,120,450
24.06.2024 00:02:47.124,1.7490900000000003,1.7487000000000001,120,220
24.06.2024 00:02:48.132,1.74908,1.7487300000000001,120,220
24.06.2024 00:02:50.649,1.7490400000000002,1.74872,120,220
24.06.2024 00:02:50.700,1.74903,1.7487000000000001,120,220
24.06.2024 00:02:54.171,1.7490400000000002,1.7487000000000001,120,220
24.06.2024 00:02:54.222,1.7490400000000002,1.7487300000000001,120,220
24.06.2024 00:02:57.645,1.7490200000000002,1.7487300000000001,120,220
24.06.2024 00:03:00.156,1.74905,1.74872,120,220
24.06.2024 00:03:05.547,1.7490700000000001,1.7487300000000001,310,220
24.06.2024 00:03:07.258,1.7490599999999998,1.74872,220,220
24.06.2024 00:03:12.478,1.74905,1.74871,120,220
24.06.2024 00:03:14.303,1.7490200000000002,1.74872,120,220
24.06.2024 00:03:14.354,1.7489900000000003,1.7486599999999999,220,450
24.06.2024 00:03:14.506,1.7489900000000003,1.7486400000000002,220,220
24.06.2024 00:03:14.758,1.74901,1.7486599999999999,220,220
24.06.2024 00:03:18.330,1.749,1.7486599999999999,120,220
24.06.2024 00:03:18.906,1.7489900000000003,1.7486400000000002,220,220
24.06.2024 00:03:19.110,1.7490200000000002,1.74872,120,220
24.06.2024 00:03:23.884,1.74901,1.74868,120,220
24.06.2024 00:03:23.985,1.749,1.7487000000000001,120,220
24.06.2024 00:03:26.656,1.74903,1.7487000000000001,120,220
24.06.2024 00:03:27.059,1.749,1.7487000000000001,120,220
24.06.2024 00:03:27.262,1.7489900000000003,1.74862,220,220
24.06.2024 00:03:30.130,1.749,1.7487000000000001,120,220
24.06.2024 00:03:30.383,1.749,1.7487300000000001,120,220
24.06.2024 00:03:30.434,1.74905,1.74872,120,220
24.06.2024 00:03:31.740,1.7490200000000002,1.7487300000000001,120,220
24.06.2024 00:03:34.756,1.749,1.74872,120,220
24.06.2024 00:03:35.912,1.7489900000000003,1.7486599999999999,120,220
24.06.2024 00:03:43.401,1.7489900000000003,1.74862,220,220
24.06.2024 00:03:43.452,1.749,1.7487000000000001,120,220
24.06.2024 00:03:43.604,1.7489700000000001,1.7486400000000002,120,220
24.06.2024 00:03:44.512,1.74898,1.74865,120,220
24.06.2024 00:03:45.116,1.7489700000000001,1.7486400000000002,120,220
24.06.2024 00:03:47.984,1.7489599999999998,1.74863,120,220
24.06.2024 00:03:49.040,1.74893,1.74863,120,220
24.06.2024 00:03:49.192,1.74893,1.7486599999999999,120,220
24.06.2024 00:03:49.343,1.7489200000000003,1.7486599999999999,120,220
24.06.2024 00:03:51.259,1.7489200000000003,1.7485900000000003,120,220
24.06.2024 00:03:52.016,1.7489400000000002,1.74861,120,220
24.06.2024 00:03:52.571,1.7489599999999998,1.74861,220,220
24.06.2024 00:03:52.672,1.74898,1.7486700000000002,120,220
24.06.2024 00:03:54.082,1.7490200000000002,1.7486700000000002,120,220
24.06.2024 00:03:55.490,1.7489700000000001,1.7486700000000002,120,220
24.06.2024 00:03:56.698,1.7489700000000001,1.7486599999999999,120,220
24.06.2024 00:03:58.142,1.74893,1.7486700000000002,120,220
24.06.2024 00:03:59.048,1.7489599999999998,1.7486700000000002,120,220
24.06.2024 00:03:59.250,1.74895,1.7486599999999999,120,220
24.06.2024 00:04:00.055,1.7489200000000003,1.7486599999999999,120,220
24.06.2024 00:04:00.308,1.7489900000000003,1.7486700000000002,120,220
24.06.2024 00:04:01.567,1.7490200000000002,1.7486599999999999,310,310
24.06.2024 00:04:01.618,1.7490400000000002,1.7487000000000001,450,120
24.06.2024 00:04:01.669,1.74905,1.74871,310,120
24.06.2024 00:04:02.174,1.7490400000000002,1.7487000000000001,120,310
24.06.2024 00:04:02.779,1.74903,1.7486900000000003,120,220
24.06.2024 00:04:03.986,1.74905,1.7486900000000003,120,310
24.06.2024 00:04:05.094,1.74905,1.7487000000000001,310,310
24.06.2024 00:04:07.158,1.74905,1.74871,220,120
24.06.2024 00:04:07.662,1.7490200000000002,1.74871,220,120
24.06.2024 00:04:08.418,1.7490200000000002,1.7486900000000003,220,120
24.06.2024 00:04:10.377,1.7490400000000002,1.74871,120,220
24.06.2024 00:04:12.191,1.74901,1.74865,220,310
24.06.2024 00:04:15.211,1.749,1.7486700000000002,220,120
24.06.2024 00:04:15.614,1.749,1.7486599999999999,220,310
24.06.2024 00:04:16.619,1.74901,1.7486599999999999,220,120
24.06.2024 00:04:16.821,1.74903,1.7486700000000002,120,220
24.06.2024 00:04:17.024,1.74898,1.74865,220,120
24.06.2024 00:04:17.377,1.749,1.7486700000000002,120,220
24.06.2024 00:04:17.530,1.7490200000000002,1.74871,120,220
24.06.2024 00:04:18.033,1.74901,1.7487000000000001,120,220
24.06.2024 00:04:24.269,1.74898,1.74865,220,120
24.06.2024 00:04:24.924,1.7489200000000003,1.74862,220,120
24.06.2024 00:04:24.975,1.74895,1.74862,220,120
24.06.2024 00:04:25.077,1.74898,1.74862,120,220
24.06.2024 00:04:27.948,1.7489700000000001,1.74862,310,310
24.06.2024 00:04:28.049,1.74898,1.7486400000000002,220,120
24.06.2024 00:04:28.151,1.749,1.74865,760,310
24.06.2024 00:04:28.253,1.74901,1.74865,310,220
24.06.2024 00:04:28.455,1.74901,1.7486599999999999,120,220
24.06.2024 00:04:28.556,1.7490200000000002,1.7486599999999999,220,310
24.06.2024 00:04:28.607,1.74903,1.74868,120,220
24.06.2024 00:04:29.311,1.74901,1.74868,120,220
24.06.2024 00:04:30.016,1.7489700000000001,1.74861,220,120
24.06.2024 00:04:30.118,1.74898,1.74861,120,120
24.06.2024 00:04:30.370,1.7489400000000002,1.7486000000000002,120,450
24.06.2024 00:04:30.522,1.74895,1.74858,120,120
24.06.2024 00:04:33.137,1.74893,1.7485900000000003,220,120
24.06.2024 00:04:47.990,1.7489400000000002,1.7485900000000003,120,120
24.06.2024 00:04:50.959,1.74893,1.74858,220,310
24.06.2024 00:04:56.090,1.74891,1.7485900000000003,120,220
24.06.2024 00:04:56.192,1.74888,1.74856,220,120
24.06.2024 00:04:58.305,1.7489200000000003,1.7485900000000003,120,220
24.06.2024 00:04:58.508,1.74893,1.7485900000000003,120,220
24.06.2024 00:05:00.168,1.7489599999999998,1.7486400000000002,220,120
24.06.2024 00:05:00.270,1.7489599999999998,1.74865,450,120
24.06.2024 00:05:00.874,1.74898,1.74865,220,120
24.06.2024 00:05:01.630,1.7489700000000001,1.74865,120,120
24.06.2024 00:05:01.732,1.7489599999999998,1.7486400000000002,120,120
24.06.2024 00:05:03.141,1.7489599999999998,1.74863,120,220
24.06.2024 00:05:04.398,1.7489900000000003,1.7486700000000002,120,220
24.06.2024 00:05:06.061,1.7489700000000001,1.7486599999999999,120,220
24.06.2024 00:05:06.515,1.749,1.7486599999999999,120,220
24.06.2024 00:05:12.648,1.7488400000000002,1.7486000000000002,120,670
24.06.2024 00:05:12.699,1.74885,1.7485700000000002,120,450
24.06.2024 00:05:12.750,1.7488599999999999,1.74858,310,450
24.06.2024 00:05:12.801,1.7488700000000001,1.74851,310,120
24.06.2024 00:05:13.606,1.74885,1.7485000000000002,120,220
24.06.2024 00:05:14.011,1.7488400000000002,1.74848,310,120
24.06.2024 00:05:14.213,1.74883,1.74853,220,120
24.06.2024 00:05:15.070,1.74883,1.74848,310,310
24.06.2024 00:05:15.573,1.7488400000000002,1.7485000000000002,120,220
24.06.2024 00:05:17.787,1.7488200000000003,1.7485000000000002,120,220
24.06.2024 00:05:18.845,1.74883,1.74851,120,220
24.06.2024 00:05:20.817,1.7488200000000003,1.7485000000000002,120,220
24.06.2024 00:05:23.183,1.74883,1.74851,120,220
24.06.2024 00:05:32.086,1.74885,1.74851,310,220
24.06.2024 00:05:40.783,1.7488599999999999,1.74853,120,220
24.06.2024 00:05:41.941,1.7488200000000003,1.7485400000000002,120,220
24.06.2024 00:05:42.696,1.7488400000000002,1.7485400000000002,120,220
24.06.2024 00:05:42.747,1.74888,1.74858,120,220
24.06.2024 00:05:42.848,1.74888,1.74861,120,220
24.06.2024 00:05:42.950,1.74888,1.74858,120,220
24.06.2024 00:05:43.203,1.7488700000000001,1.7485700000000002,120,220
24.06.2024 00:05:43.506,1.7488700000000001,1.74851,120,310
24.06.2024 00:05:43.557,1.7489000000000001,1.7485900000000003,120,220
24.06.2024 00:05:43.608,1.7489400000000002,1.7486000000000002,540,310
24.06.2024 00:05:43.811,1.7489400000000002,1.74865,120,220
24.06.2024 00:05:43.863,1.74895,1.74861,120,220
24.06.2024 00:05:48.790,1.74893,1.74861,120,220
24.06.2024 00:05:51.959,1.74893,1.7486000000000002,120,220
24.06.2024 00:05:54.529,1.74893,1.74863,120,220
24.06.2024 00:05:55.084,1.7489400000000002,1.7486599999999999,120,220
24.06.2024 00:05:58.056,1.7489400000000002,1.7485900000000003,120,310
24.06.2024 00:06:00.288,1.7489599999999998,1.74861,120,120
24.06.2024 00:06:00.894,1.7489700000000001,1.74862,120,220
24.06.2024 00:06:03.158,1.74898,1.7486400000000002,220,120
24.06.2024 00:06:05.977,1.74898,1.7486599999999999,220,120
24.06.2024 00:06:06.028,1.749,1.7486599999999999,220,310
24.06.2024 00:06:06.683,1.7489900000000003,1.74865,220,120
24.06.2024 00:06:10.710,1.7490200000000002,1.74868,120,220
24.06.2024 00:06:10.812,1.74903,1.7486900000000003,120,220
24.06.2024 00:06:11.317,1.74901,1.7486900000000003,120,220
24.06.2024 00:06:11.973,1.7489900000000003,1.7486900000000003,120,220
24.06.2024 00:06:14.940,1.7489900000000003,1.7486700000000002,120,220
24.06.2024 00:06:19.973,1.7490200000000002,1.7486599999999999,120,220
24.06.2024 00:06:23.946,1.74901,1.74868,120,220
24.06.2024 00:06:25.706,1.74901,1.7486700000000002,310,220
24.06.2024 00:06:27.466,1.7489900000000003,1.7486700000000002,120,220
24.06.2024 00:06:29.732,1.7490700000000001,1.7487400000000002,120,120
24.06.2024 00:06:29.884,1.7490700000000001,1.7487700000000002,120,220
24.06.2024 00:06:44.796,1.7490700000000001,1.74875,120,220
24.06.2024 00:06:52.133,1.7490200000000002,1.7487599999999999,120,220
24.06.2024 00:06:52.184,1.7490200000000002,1.7487000000000001,120,310
24.06.2024 00:06:52.286,1.7490200000000002,1.7486900000000003,220,120
24.06.2024 00:06:53.091,1.7489599999999998,1.7486400000000002,310,120
24.06.2024 00:06:53.345,1.7489599999999998,1.7486599999999999,220,120
24.06.2024 00:06:54.704,1.7489599999999998,1.7486400000000002,310,120
24.06.2024 00:06:55.157,1.7489599999999998,1.7486599999999999,220,120
24.06.2024 00:07:01.289,1.7489599999999998,1.7486900000000003,220,120
24.06.2024 00:07:01.340,1.74901,1.7486900000000003,120,310
24.06.2024 00:07:02.147,1.7489599999999998,1.7486900000000003,120,220
24.06.2024 00:07:02.449,1.74898,1.7486900000000003,120,220
24.06.2024 00:07:02.499,1.74895,1.7486599999999999,220,120
24.06.2024 00:07:03.757,1.7489599999999998,1.74863,220,120
24.06.2024 00:07:06.475,1.7489599999999998,1.7486599999999999,220,120
24.06.2024 00:07:11.801,1.7489599999999998,1.7486400000000002,220,120
24.06.2024 00:07:11.852,1.7489700000000001,1.7486599999999999,120,220
24.06.2024 00:07:11.953,1.7489700000000001,1.74865,310,120
24.06.2024 00:07:15.323,1.7489700000000001,1.7486900000000003,220,120
24.06.2024 00:07:15.374,1.7490200000000002,1.74868,120,120
24.06.2024 00:07:15.576,1.7490200000000002,1.74871,120,220
24.06.2024 00:07:16.181,1.7490400000000002,1.74871,120,220
24.06.2024 00:07:16.282,1.7489900000000003,1.7487000000000001,120,220
24.06.2024 00:07:19.050,1.7490200000000002,1.7487000000000001,120,310
24.06.2024 00:07:31.629,1.7490599999999998,1.7487400000000002,120,220
24.06.2024 00:07:31.782,1.74905,1.7487300000000001,120,120
24.06.2024 00:07:33.241,1.74908,1.74875,220,120
24.06.2024 00:07:33.343,1.7490900000000003,1.7487700000000002,120,220
24.06.2024 00:07:33.394,1.7491200000000002,1.7488000000000001,120,120
24.06.2024 00:07:39.173,1.7491,1.7487700000000002,120,220
24.06.2024 00:07:39.275,1.74908,1.7487700000000002,220,120
24.06.2024 00:07:48.679,1.74908,1.7487599999999999,310,120
24.06.2024 00:07:58.126,1.7491200000000002,1.7487900000000003,120,220
24.06.2024 00:08:06.123,1.74911,1.7488599999999999,120,220
24.06.2024 00:08:10.394,1.74911,1.7488200000000003,120,220
24.06.2024 00:08:10.897,1.74911,1.7487900000000003,120,310
24.06.2024 00:08:15.086,1.7491400000000001,1.7488000000000001,220,120
24.06.2024 00:08:16.292,1.7491200000000002,1.74878,120,220
24.06.2024 00:08:16.846,1.7491,1.7487900000000003,120,220
24.06.2024 00:08:18.154,1.7490900000000003,1.74878,120,220
24.06.2024 00:08:20.015,1.74908,1.7487700000000002,220,120
24.06.2024 00:08:20.268,1.7491,1.7488000000000001,120,220
24.06.2024 00:08:20.369,1.74916,1.74881,310,120
24.06.2024 00:08:26.547,1.74915,1.74883,120,120
24.06.2024 00:08:28.553,1.74913,1.74881,120,220
24.06.2024 00:08:28.907,1.7491200000000002,1.74881,120,220
24.06.2024 00:08:29.009,1.7491200000000002,1.7488200000000003,120,220
24.06.2024 00:08:29.964,1.74911,1.7487700000000002,120,120
24.06.2024 00:08:34.790,1.7491200000000002,1.7488000000000001,120,120
24.06.2024 00:08:38.707,1.7490900000000003,1.74878,120,220
24.06.2024 00:08:38.960,1.7491200000000002,1.7488000000000001,120,120
24.06.2024 00:08:42.734,1.7490900000000003,1.74878,120,220
24.06.2024 00:08:44.242,1.7491,1.74881,120,220
24.06.2024 00:08:50.629,1.74913,1.74881,120,310
24.06.2024 00:08:52.993,1.7491,1.74881,120,220
24.06.2024 00:09:00.183,1.7491200000000002,1.74881,120,220
24.06.2024 00:09:02.595,1.7490900000000003,1.7487700000000002,120,120
24.06.2024 00:09:07.186,1.74913,1.7488200000000003,220,120
24.06.2024 00:09:07.291,1.74918,1.7488599999999999,220,120
24.06.2024 00:09:07.397,1.74911,1.74881,220,120
24.06.2024 00:09:07.449,1.7491400000000001,1.7488000000000001,120,310
24.06.2024 00:09:08.355,1.74913,1.7488400000000002,120,220
24.06.2024 00:09:09.364,1.74911,1.7488400000000002,120,220
24.06.2024 00:09:10.924,1.7491,1.7488400000000002,120,220
24.06.2024 00:09:11.126,1.74916,1.74883,120,220
24.06.2024 00:09:11.833,1.74913,1.74883,120,220
24.06.2024 00:09:12.537,1.74916,1.7488200000000003,120,120
24.06.2024 00:09:12.991,1.7491200000000002,1.74881,120,220
24.06.2024 00:09:22.398,1.7491400000000001,1.74881,120,310
24.06.2024 00:09:22.702,1.7491200000000002,1.7488000000000001,120,220
24.06.2024 00:09:24.261,1.7491400000000001,1.74881,120,310
24.06.2024 00:09:24.965,1.74911,1.74881,120,220
24.06.2024 00:09:25.971,1.74911,1.7488200000000003,120,220
24.06.2024 00:09:26.223,1.74911,1.74878,120,120
24.06.2024 00:09:26.325,1.74911,1.74881,120,220
24.06.2024 00:09:26.578,1.74911,1.7488400000000002,120,220
24.06.2024 00:09:29.496,1.74918,1.74883,120,310
24.06.2024 00:09:37.724,1.74918,1.7488700000000001,220,120
24.06.2024 00:09:37.826,1.74921,1.74888,120,220
24.06.2024 00:09:43.963,1.7492400000000001,1.7488900000000003,120,120
24.06.2024 00:09:44.416,1.7492,1.7488900000000003,120,220
24.06.2024 00:09:49.492,1.74918,1.74888,120,220
24.06.2024 00:09:49.542,1.74918,1.74883,310,120
24.06.2024 00:09:54.416,1.7491400000000001,1.7488200000000003,120,220
24.06.2024 00:09:56.128,1.74915,1.7488400000000002,120,220
24.06.2024 00:09:58.210,1.7491700000000001,1.74885,120,220
24.06.2024 00:10:00.221,1.74916,1.74885,120,220
24.06.2024 00:10:00.323,1.74916,1.74888,120,220
24.06.2024 00:10:00.929,1.7492,1.7488700000000001,120,220
24.06.2024 00:10:01.334,1.7492200000000002,1.7488700000000001,120,310
24.06.2024 00:10:01.385,1.74921,1.7489200000000003,120,220
24.06.2024 00:10:01.488,1.74921,1.74888,120,310
24.06.2024 00:10:02.045,1.7492200000000002,1.7489000000000001,120,220
24.06.2024 00:10:02.801,1.7491900000000002,1.74891,120,220
24.06.2024 00:10:02.953,1.74918,1.7488599999999999,220,120
24.06.2024 00:10:09.339,1.74916,1.7488400000000002,220,120
24.06.2024 00:10:13.964,1.7491400000000001,1.7488400000000002,220,120
24.06.2024 00:10:16.433,1.7491200000000002,1.7487900000000003,120,310
24.06.2024 00:10:17.944,1.7491200000000002,1.7488200000000003,120,220
24.06.2024 00:10:24.632,1.74915,1.7488200000000003,120,310
24.06.2024 00:10:25.940,1.74916,1.7488200000000003,120,220
24.06.2024 00:10:27.647,1.7491200000000002,1.74883,120,220
24.06.2024 00:10:28.152,1.7491200000000002,1.7488000000000001,120,220
24.06.2024 00:10:30.216,1.7491400000000001,1.74881,310,120
24.06.2024 00:10:30.318,1.74908,1.7487599999999999,120,220
24.06.2024 00:10:30.471,1.74908,1.74875,310,120
24.06.2024 00:10:33.187,1.74908,1.7487700000000002,220,120
24.06.2024 00:10:45.449,1.74911,1.7487599999999999,310,120
24.06.2024 00:10:47.105,1.74911,1.7487900000000003,220,120
24.06.2024 00:10:47.409,1.74908,1.74875,120,220
24.06.2024 00:10:52.237,1.74911,1.7487599999999999,310,120
24.06.2024 00:10:52.891,1.74908,1.7487599999999999,120,220
24.06.2024 00:10:53.947,1.7490900000000003,1.7487400000000002,310,310
24.06.2024 00:10:55.806,1.74911,1.7488200000000003,120,220
24.06.2024 00:11:00.688,1.7491200000000002,1.7487700000000002,310,120
24.06.2024 00:11:00.793,1.74908,1.74875,120,220
24.06.2024 00:11:00.844,1.7491,1.7487599999999999,310,220
24.06.2024 00:11:04.318,1.74905,1.74875,220,120
24.06.2024 00:11:04.922,1.74905,1.74871,220,120
24.06.2024 00:11:06.281,1.7490700000000001,1.74871,120,220
24.06.2024 00:11:07.038,1.74908,1.7487300000000001,310,120
24.06.2024 00:11:07.290,1.74908,1.7487599999999999,120,220
24.06.2024 00:11:09.402,1.7490700000000001,1.7487300000000001,220,120
24.06.2024 00:11:09.503,1.7490700000000001,1.74872,220,120
24.06.2024 00:11:13.979,1.74905,1.7487300000000001,220,120
24.06.2024 00:11:16.443,1.7490599999999998,1.7487300000000001,220,120
24.06.2024 00:11:19.312,1.7490599999999998,1.7487400000000002,220,120
24.06.2024 00:11:20.319,1.7490599999999998,1.74872,220,310
24.06.2024 00:11:22.580,1.74903,1.7487400000000002,220,120
24.06.2024 00:11:28.962,1.7491,1.7487300000000001,220,310
24.06.2024 00:11:34.793,1.7490900000000003,1.74875,220,120
24.06.2024 00:11:38.009,1.7491,1.74875,220,310
24.06.2024 00:11:40.623,1.7490900000000003,1.7487400000000002,120,220
24.06.2024 00:11:40.725,1.7490400000000002,1.74871,220,120
24.06.2024 00:11:41.783,1.74903,1.74875,220,120
24.06.2024 00:11:43.497,1.7490400000000002,1.74871,220,120
24.06.2024 00:11:44.354,1.74903,1.74875,220,120
24.06.2024 00:11:46.919,1.74911,1.7487400000000002,220,310
24.06.2024 00:11:54.716,1.7491200000000002,1.7487700000000002,120,220
24.06.2024 00:11:57.984,1.74908,1.74878,120,220
24.06.2024 00:11:58.488,1.7490599999999998,1.74872,220,120
24.06.2024 00:12:01.304,1.7490700000000001,1.7487400000000002,220,120
24.06.2024 00:12:01.709,1.7490200000000002,1.7487400000000002,220,120
24.06.2024 00:12:05.684,1.74903,1.7487000000000001,220,120
24.06.2024 00:12:08.960,1.74903,1.7487300000000001,220,120
24.06.2024 00:12:10.723,1.74903,1.7487000000000001,220,120
24.06.2024 00:12:14.551,1.7490200000000002,1.74868,220,120
24.06.2024 00:12:14.939,1.749,1.74868,220,120
24.06.2024 00:12:14.990,1.74901,1.74865,220,310
24.06.2024 00:12:19.964,1.7489900000000003,1.7486599999999999,220,120
24.06.2024 00:12:28.462,1.7489900000000003,1.74865,220,220
24.06.2024 00:12:28.513,1.7489400000000002,1.74863,220,120
24.06.2024 00:12:30.376,1.7489400000000002,1.74865,220,120
24.06.2024 00:12:30.784,1.7489400000000002,1.7486900000000003,220,120
24.06.2024 00:12:30.835,1.749,1.7486900000000003,220,120
24.06.2024 00:12:31.036,1.7489599999999998,1.74868,220,120
24.06.2024 00:12:31.338,1.7489200000000003,1.7486400000000002,220,120
24.06.2024 00:12:33.652,1.7489200000000003,1.74861,220,120
24.06.2024 00:12:38.674,1.74893,1.74858,220,120
24.06.2024 00:12:41.138,1.7489200000000003,1.74858,220,310
24.06.2024 00:12:48.731,1.74893,1.7485900000000003,220,120
24.06.2024 00:12:49.838,1.74891,1.7486000000000002,220,120
24.06.2024 00:13:00.997,1.7488900000000003,1.74858,220,120
24.06.2024 00:13:01.200,1.7488599999999999,1.74858,220,120
24.06.2024 00:13:01.251,1.74885,1.74856,220,120
24.06.2024 00:13:01.353,1.74888,1.74856,220,120
24.06.2024 00:13:02.109,1.74891,1.7485700000000002,120,220
24.06.2024 00:13:02.713,1.74893,1.7486000000000002,120,220
24.06.2024 00:13:04.599,1.74893,1.74858,310,220
24.06.2024 00:13:04.700,1.74893,1.7486400000000002,120,220
24.06.2024 00:13:04.751,1.7489400000000002,1.74861,120,220
24.06.2024 00:13:07.910,1.7488700000000001,1.74855,120,310
24.06.2024 00:13:08.970,1.7488400000000002,1.74852,120,120
24.06.2024 00:13:10.028,1.74891,1.74856,450,220
24.06.2024 00:13:11.085,1.74891,1.7485700000000002,120,220
24.06.2024 00:13:11.538,1.7489000000000001,1.74856,120,220
24.06.2024 00:13:11.740,1.7488900000000003,1.7485400000000002,310,220
24.06.2024 00:13:14.157,1.7488900000000003,1.74853,450,220
24.06.2024 00:13:15.262,1.7489000000000001,1.74853,760,220
24.06.2024 00:13:16.369,1.74888,1.7485400000000002,450,220
24.06.2024 00:13:17.174,1.7488599999999999,1.7485400000000002,120,220
24.06.2024 00:13:17.276,1.7488599999999999,1.7485700000000002,120,220
24.06.2024 00:13:18.034,1.7488599999999999,1.7484900000000003,220,120
24.06.2024 00:13:26.976,1.7488400000000002,1.7484900000000003,220,120
24.06.2024 00:13:27.077,1.74888,1.7485400000000002,450,310
24.06.2024 00:13:27.280,1.74888,1.74852,540,220
24.06.2024 00:13:27.381,1.7488400000000002,1.7485000000000002,220,120
24.06.2024 00:13:27.583,1.7488400000000002,1.7484900000000003,220,120
24.06.2024 00:13:29.897,1.7488599999999999,1.74851,220,120
24.06.2024 00:13:30.200,1.74885,1.7485000000000002,120,220
24.06.2024 00:13:37.788,1.7488599999999999,1.7485000000000002,310,310
24.06.2024 00:13:38.945,1.74885,1.74852,450,220
24.06.2024 00:13:40.957,1.7488700000000001,1.74852,670,310
24.06.2024 00:13:42.064,1.74888,1.7485400000000002,450,220
24.06.2024 00:13:42.970,1.7488900000000003,1.7485400000000002,540,220
24.06.2024 00:13:50.417,1.74893,1.7485900000000003,450,310
24.06.2024 00:13:50.521,1.74895,1.7486000000000002,220,310
24.06.2024 00:13:52.233,1.7489700000000001,1.74862,120,220
24.06.2024 00:13:52.284,1.74898,1.74863,220,310
24.06.2024 00:13:52.738,1.7489599999999998,1.74863,120,220
24.06.2024 00:13:56.272,1.74901,1.74868,450,220
24.06.2024 00:13:56.376,1.7490400000000002,1.7487400000000002,450,220
24.06.2024 00:13:56.427,1.7491,1.7487599999999999,220,120
24.06.2024 00:13:57.687,1.74913,1.7487599999999999,220,220
24.06.2024 00:13:58.192,1.74911,1.7487599999999999,120,220
24.06.2024 00:13:58.294,1.74901,1.7487300000000001,220,120
24.06.2024 00:14:01.362,1.7490200000000002,1.7486599999999999,220,310
24.06.2024 00:14:03.832,1.74903,1.74868,450,220
24.06.2024 00:14:03.984,1.7490400000000002,1.74868,540,220
24.06.2024 00:14:05.343,1.7490200000000002,1.7486700000000002,220,220
24.06.2024 00:14:05.899,1.74901,1.7486700000000002,120,220
24.06.2024 00:14:06.505,1.74903,1.7486599999999999,310,220
24.06.2024 00:14:09.973,1.749,1.7486599999999999,220,220
24.06.2024 00:14:11.735,1.74903,1.74872,450,120
24.06.2024 00:14:11.887,1.7490400000000002,1.74872,220,120
24.06.2024 00:14:11.989,1.74901,1.74872,220,120
24.06.2024 00:14:12.140,1.7490599999999998,1.74872,450,120
24.06.2024 00:14:12.293,1.7490900000000003,1.74872,540,120
24.06.2024 00:14:12.344,1.7490599999999998,1.7486900000000003,120,120
24.06.2024 00:14:13.100,1.74908,1.74871,120,120
24.06.2024 00:14:13.202,1.74905,1.74871,220,120
24.06.2024 00:14:13.555,1.74908,1.7487300000000001,120,220
24.06.2024 00:14:14.109,1.7490700000000001,1.74872,120,220
24.06.2024 00:14:14.260,1.7490700000000001,1.74871,310,220
24.06.2024 00:14:19.646,1.74903,1.74868,220,120
24.06.2024 00:14:27.145,1.74905,1.7487000000000001,450,220
24.06.2024 00:14:27.549,1.74903,1.74865,220,310
24.06.2024 00:14:27.600,1.74898,1.7486599999999999,220,120
24.06.2024 00:14:27.651,1.7489700000000001,1.7486400000000002,120,220
24.06.2024 00:14:30.372,1.7489900000000003,1.74863,670,220
24.06.2024 00:14:31.077,1.7489700000000001,1.7486400000000002,450,220
24.06.2024 00:14:31.632,1.7489700000000001,1.74865,450,120
24.06.2024 00:14:31.986,1.74898,1.74861,670,310
24.06.2024 00:14:35.110,1.7489700000000001,1.74865,220,120
24.06.2024 00:14:36.269,1.7489700000000001,1.74862,220,310
24.06.2024 00:14:36.724,1.7489599999999998,1.74861,220,120
24.06.2024 00:14:42.583,1.7489599999999998,1.74863,450,220
24.06.2024 00:14:43.088,1.7489700000000001,1.74863,670,220
24.06.2024 00:14:45.706,1.74898,1.74863,670,120
24.06.2024 00:14:45.807,1.7489700000000001,1.74868,450,220
24.06.2024 00:14:45.858,1.7489700000000001,1.74865,450,220
24.06.2024 00:14:46.010,1.7489700000000001,1.7486700000000002,450,120
24.06.2024 00:14:46.061,1.749,1.7486700000000002,220,120
24.06.2024 00:14:49.980,1.74901,1.7486700000000002,220,120
24.06.2024 00:14:51.540,1.74905,1.7486900000000003,220,220
24.06.2024 00:14:52.498,1.7490400000000002,1.74871,220,120
24.06.2024 00:14:53.504,1.7490200000000002,1.74868,220,120
24.06.2024 00:14:53.606,1.7489599999999998,1.7486400000000002,220,120
24.06.2024 00:14:55.166,1.7489599999999998,1.7486599999999999,220,120
24.06.2024 00:14:55.821,1.7489599999999998,1.7486400000000002,220,120
24.06.2024 00:14:59.192,1.7489599999999998,1.74862,220,220
24.06.2024 00:14:59.445,1.7489599999999998,1.7486400000000002,220,120
24.06.2024 00:14:59.999,1.7489700000000001,1.74861,220,220
24.06.2024 00:15:00.251,1.7489599999999998,1.7486700000000002,220,120
24.06.2024 00:15:01.507,1.7489599999999998,1.74865,220,120
24.06.2024 00:15:02.363,1.7489700000000001,1.7486700000000002,220,120
24.06.2024 00:15:02.414,1.749,1.7486599999999999,450,120
24.06.2024 00:15:03.118,1.74901,1.7486599999999999,220,120
24.06.2024 00:15:08.952,1.74901,1.74865,220,310
24.06.2024 00:15:19.282,1.7490400000000002,1.7487000000000001,450,220
24.06.2024 00:15:21.344,1.7490200000000002,1.74871,450,220
24.06.2024 00:15:25.015,1.7490200000000002,1.7486900000000003,450,220
24.06.2024 00:15:25.167,1.74898,1.74862,220,120
24.06.2024 00:15:25.370,1.7489700000000001,1.7486900000000003,220,120
24.06.2024 00:15:25.421,1.7490200000000002,1.7487300000000001,450,120
24.06.2024 00:15:25.472,1.749,1.74872,220,120
24.06.2024 00:15:25.523,1.74901,1.7487300000000001,220,120
24.06.2024 00:15:25.725,1.7490200000000002,1.7486700000000002,220,120
24.06.2024 00:15:26.079,1.7490400000000002,1.7486700000000002,450,310
24.06.2024 00:15:26.181,1.7490599999999998,1.74868,220,120
24.06.2024 00:15:26.735,1.7490599999999998,1.7486900000000003,220,120
24.06.2024 00:15:30.054,1.7490900000000003,1.7487000000000001,220,120
24.06.2024 00:15:30.156,1.7490900000000003,1.7487599999999999,1350,310
24.06.2024 00:15:30.559,1.74908,1.74875,220,120
24.06.2024 00:15:31.915,1.74911,1.74875,220,120
24.06.2024 00:15:32.922,1.74911,1.7487400000000002,220,120
24.06.2024 00:15:34.333,1.7490400000000002,1.74871,220,120
24.06.2024 00:15:34.535,1.7490599999999998,1.74871,450,120
24.06.2024 00:15:34.889,1.749,1.74865,220,120
24.06.2024 00:15:35.394,1.7489900000000003,1.74865,220,120
24.06.2024 00:15:38.116,1.7489900000000003,1.74868,220,120
24.06.2024 00:15:38.720,1.749,1.7486400000000002,220,120
24.06.2024 00:15:38.972,1.749,1.7486700000000002,220,120
24.06.2024 00:15:39.979,1.7489900000000003,1.74865,220,120
24.06.2024 00:15:40.332,1.7489900000000003,1.7486700000000002,220,120
24.06.2024 00:15:40.434,1.749,1.74871,450,120
24.06.2024 00:15:41.189,1.74903,1.7487000000000001,220,120
24.06.2024 00:15:42.749,1.7490200000000002,1.7486700000000002,220,310
24.06.2024 00:15:44.410,1.74905,1.74868,670,220
24.06.2024 00:15:44.762,1.7490400000000002,1.74868,450,220
24.06.2024 00:15:46.623,1.749,1.74865,220,120
24.06.2024 00:15:52.202,1.74901,1.74865,220,310
24.06.2024 00:15:53.359,1.74901,1.74868,220,120
24.06.2024 00:15:55.117,1.74901,1.74865,220,310
24.06.2024 00:15:55.168,1.7489599999999998,1.7486599999999999,220,120
24.06.2024 00:15:56.780,1.7489700000000001,1.7486400000000002,220,120
24.06.2024 00:15:57.133,1.74901,1.7486599999999999,220,120
24.06.2024 00:15:57.235,1.74901,1.7486700000000002,220,120
24.06.2024 00:15:57.387,1.74903,1.74868,220,310
24.06.2024 00:15:59.213,1.74905,1.7486900000000003,450,310
24.06.2024 00:15:59.769,1.74905,1.7487000000000001,670,310
24.06.2024 00:15:59.921,1.7490599999999998,1.74872,670,120
24.06.2024 00:16:00.275,1.7490599999999998,1.7487599999999999,670,120
24.06.2024 00:16:00.527,1.74905,1.7487900000000003,450,120
24.06.2024 00:16:00.780,1.7491,1.7487599999999999,220,120
24.06.2024 00:16:03.856,1.74908,1.74872,220,120
24.06.2024 00:16:03.957,1.7490900000000003,1.7487599999999999,220,120
24.06.2024 00:16:04.059,1.74908,1.74881,220,120
24.06.2024 00:16:07.987,1.74908,1.7488000000000001,220,120
24.06.2024 00:16:15.181,1.74908,1.74875,220,120
24.06.2024 00:16:15.736,1.7490400000000002,1.7487700000000002,220,120
24.06.2024 00:16:15.787,1.7490700000000001,1.7487700000000002,220,120
24.06.2024 00:16:15.939,1.74905,1.7487599999999999,220,120
24.06.2024 00:16:16.945,1.7490200000000002,1.74872,220,120
24.06.2024 00:16:19.965,1.7490200000000002,1.7486900000000003,220,120
24.06.2024 00:16:20.319,1.7489900000000003,1.7487000000000001,220,120
24.06.2024 00:16:21.224,1.7489900000000003,1.7487300000000001,220,120
24.06.2024 00:16:24.643,1.7489900000000003,1.74868,220,120
24.06.2024 00:16:29.114,1.7489900000000003,1.7486599999999999,220,120
24.06.2024 00:16:32.486,1.749,1.7486900000000003,220,120
24.06.2024 00:16:33.542,1.7489900000000003,1.7486700000000002,220,120
24.06.2024 00:16:33.644,1.74898,1.7486700000000002,220,120
24.06.2024 00:16:33.695,1.74898,1.7487300000000001,220,120
24.06.2024 00:16:34.098,1.74898,1.74871,220,120
24.06.2024 00:16:34.802,1.74898,1.74868,220,120
24.06.2024 00:16:36.060,1.7489900000000003,1.7486900000000003,220,120
24.06.2024 00:16:40.646,1.7489900000000003,1.7486599999999999,220,120
24.06.2024 00:16:41.959,1.7489400000000002,1.7485900000000003,220,120
24.06.2024 00:16:57.921,1.7489000000000001,1.7486000000000002,220,120
24.06.2024 00:16:59.480,1.74893,1.7486000000000002,220,120
24.06.2024 00:17:00.185,1.74891,1.7485900000000003,220,120
24.06.2024 00:17:00.236,1.7489200000000003,1.7486000000000002,220,120
24.06.2024 00:17:00.388,1.7489599999999998,1.7486400000000002,450,120
24.06.2024 00:17:01.245,1.7489700000000001,1.7486400000000002,220,120
24.06.2024 00:17:07.229,1.7489700000000001,1.74865,220,120
24.06.2024 00:17:07.280,1.7489900000000003,1.74865,220,120
24.06.2024 00:17:07.482,1.74895,1.74865,220,120
24.06.2024 00:17:07.532,1.74895,1.7486000000000002,220,310
24.06.2024 00:17:11.757,1.74893,1.7486000000000002,220,120
24.06.2024 00:17:17.492,1.74901,1.7486599999999999,670,220
24.06.2024 00:17:18.148,1.74901,1.7486700000000002,220,120
24.06.2024 00:17:18.451,1.7489900000000003,1.7486400000000002,220,120
24.06.2024 00:17:22.888,1.74901,1.7486700000000002,450,220
24.06.2024 00:17:23.394,1.7490200000000002,1.7486700000000002,1120,220
24.06.2024 00:17:24.400,1.74901,1.7486700000000002,450,220
24.06.2024 00:17:25.405,1.74903,1.7486599999999999,670,220
24.06.2024 00:17:26.411,1.7490200000000002,1.7486599999999999,450,220
24.06.2024 00:17:30.435,1.7490200000000002,1.7486700000000002,670,220
24.06.2024 00:17:31.440,1.74901,1.7486700000000002,450,220
24.06.2024 00:17:32.397,1.7490200000000002,1.7486700000000002,670,220
24.06.2024 00:17:33.151,1.7489599999999998,1.74862,220,120
24.06.2024 00:17:34.963,1.74893,1.7486000000000002,220,120
24.06.2024 00:17:36.675,1.74888,1.74861,220,120
24.06.2024 00:17:36.726,1.74888,1.74858,220,120
24.06.2024 00:17:37.181,1.7489000000000001,1.7485700000000002,120,220
24.06.2024 00:17:37.232,1.7488599999999999,1.74853,220,120
24.06.2024 00:17:38.090,1.7488599999999999,1.74856,220,120
24.06.2024 00:17:38.746,1.7488400000000002,1.74855,220,120
24.06.2024 00:17:39.450,1.7488599999999999,1.74856,220,120
24.06.2024 00:17:43.980,1.7488900000000003,1.74855,220,120
24.06.2024 00:17:47.196,1.74888,1.7485700000000002,220,120
24.06.2024 00:17:47.699,1.74888,1.74855,220,120
24.06.2024 00:17:48.455,1.74891,1.7485400000000002,220,310
24.06.2024 00:17:48.506,1.7489000000000001,1.7485700000000002,220,120
24.06.2024 00:17:49.612,1.7489000000000001,1.74855,220,310
24.06.2024 00:17:52.178,1.74891,1.7485700000000002,670,220
24.06.2024 00:17:55.900,1.74891,1.74861,450,120
24.06.2024 00:17:56.002,1.74895,1.74863,450,220
24.06.2024 00:17:56.053,1.7489700000000001,1.7486400000000002,220,220
24.06.2024 00:17:56.456,1.74895,1.74861,220,220
24.06.2024 00:17:58.014,1.7489000000000001,1.7486000000000002,220,120
24.06.2024 00:18:01.737,1.74891,1.74856,220,120
24.06.2024 00:18:02.693,1.7489200000000003,1.74856,220,310
24.06.2024 00:18:02.946,1.74888,1.7485700000000002,220,120
24.06.2024 00:18:13.302,1.74888,1.7486000000000002,220,120
24.06.2024 00:18:18.341,1.7488900000000003,1.74856,220,120
24.06.2024 00:18:20.602,1.7489000000000001,1.7485700000000002,220,120
24.06.2024 00:18:26.330,1.74891,1.74858,220,120
24.06.2024 00:18:26.432,1.7489400000000002,1.7486000000000002,670,220
24.06.2024 00:18:28.545,1.74898,1.7486400000000002,450,220
24.06.2024 00:18:28.646,1.7489900000000003,1.7486400000000002,450,220
24.06.2024 00:18:28.748,1.74898,1.7486700000000002,450,120
24.06.2024 00:18:29.555,1.74901,1.7486599999999999,220,120
24.06.2024 00:18:29.909,1.7489900000000003,1.7486599999999999,220,120
24.06.2024 00:18:32.974,1.749,1.7486700000000002,220,120
24.06.2024 00:18:33.276,1.7490200000000002,1.74868,310,220
24.06.2024 00:18:40.363,1.749,1.7486400000000002,220,220
24.06.2024 00:18:43.881,1.7489700000000001,1.7486400000000002,220,120
24.06.2024 00:18:44.938,1.7489700000000001,1.74868,220,120
24.06.2024 00:18:45.290,1.74898,1.7486400000000002,220,120
24.06.2024 00:18:47.859,1.74898,1.74865,220,120
24.06.2024 00:18:50.522,1.74901,1.7486700000000002,220,220
24.06.2024 00:18:51.078,1.749,1.7486599999999999,220,120
24.06.2024 00:18:54.744,1.7489700000000001,1.7486400000000002,220,120
24.06.2024 00:18:54.845,1.74893,1.7486400000000002,220,120
24.06.2024 00:18:57.460,1.74901,1.7486599999999999,670,220
24.06.2024 00:18:58.568,1.7490400000000002,1.7487000000000001,670,220
24.06.2024 00:19:00.786,1.7490200000000002,1.7486700000000002,220,120
24.06.2024 00:19:00.988,1.7490599999999998,1.74872,120,220
24.06.2024 00:19:01.089,1.74908,1.7487300000000001,220,120
24.06.2024 00:19:02.718,1.7490599999999998,1.7487400000000002,220,120
24.06.2024 00:19:06.885,1.7490599999999998,1.7487700000000002,220,120
24.06.2024 00:19:09.952,1.74905,1.7487700000000002,220,120
24.06.2024 00:19:10.706,1.7490599999999998,1.7487300000000001,220,120
24.06.2024 00:19:13.622,1.7490700000000001,1.74872,220,220
24.06.2024 00:19:14.078,1.74901,1.7486900000000003,220,120
24.06.2024 00:19:15.036,1.74901,1.7486400000000002,220,310
24.06.2024 00:19:18.913,1.749,1.7486400000000002,220,120
24.06.2024 00:19:24.441,1.7489900000000003,1.74871,220,120
24.06.2024 00:19:25.347,1.749,1.7486700000000002,220,120
24.06.2024 00:19:29.118,1.74901,1.74868,220,120
24.06.2024 00:19:33.993,1.74901,1.7486700000000002,220,120
24.06.2024 00:19:37.912,1.74901,1.7487000000000001,220,120
24.06.2024 00:19:38.165,1.749,1.7486900000000003,220,120
24.06.2024 00:19:42.941,1.74903,1.74868,220,120
24.06.2024 00:19:47.714,1.7489900000000003,1.7486900000000003,220,120
24.06.2024 00:19:50.857,1.7490200000000002,1.74868,220,120
24.06.2024 00:19:55.727,1.7490200000000002,1.7487000000000001,220,120
24.06.2024 00:19:58.087,1.74901,1.7486700000000002,220,120
24.06.2024 00:20:04.572,1.7489900000000003,1.74868,220,120
24.06.2024 00:20:06.182,1.74903,1.74868,220,220
24.06.2024 00:20:14.077,1.749,1.7486700000000002,220,120
24.06.2024 00:20:19.259,1.7489700000000001,1.7486700000000002,220,120
24.06.2024 00:20:21.421,1.7489599999999998,1.7486400000000002,220,120
24.06.2024 00:20:21.523,1.749,1.74865,220,220
24.06.2024 00:20:22.884,1.749,1.7486700000000002,220,120
24.06.2024 00:20:24.293,1.7489900000000003,1.7486599999999999,220,220
24.06.2024 00:20:27.867,1.749,1.7486700000000002,220,120
24.06.2024 00:20:38.020,1.749,1.74868,220,120
24.06.2024 00:20:42.825,1.7489700000000001,1.7486700000000002,220,120
24.06.2024 00:20:44.089,1.749,1.7486599999999999,220,120
24.06.2024 00:20:46.249,1.7489900000000003,1.74868,220,120
24.06.2024 00:20:48.260,1.7489900000000003,1.7486599999999999,220,220
24.06.2024 00:20:48.311,1.7490200000000002,1.74868,220,220
24.06.2024 00:20:49.822,1.74901,1.74868,450,220
24.06.2024 00:20:59.112,1.749,1.74865,220,220
24.06.2024 00:21:00.118,1.7489599999999998,1.7486400000000002,220,120
24.06.2024 00:21:02.485,1.7489700000000001,1.7486400000000002,220,120
24.06.2024 00:21:07.205,1.7489599999999998,1.7486400000000002,220,120
24.06.2024 00:21:08.816,1.7489700000000001,1.7486599999999999,220,120
24.06.2024 00:21:08.968,1.7489599999999998,1.74871,220,120
24.06.2024 00:21:09.070,1.74908,1.74881,450,120
24.06.2024 00:21:09.171,1.74913,1.74881,220,120
24.06.2024 00:21:13.499,1.74915,1.74881,220,120
24.06.2024 00:21:22.750,1.7491400000000001,1.7487900000000003,220,220
24.06.2024 00:21:22.952,1.7490900000000003,1.7487599999999999,220,120
24.06.2024 00:21:28.577,1.7490900000000003,1.7487900000000003,220,120
24.06.2024 00:21:29.131,1.74915,1.74878,220,310
24.06.2024 00:21:35.111,1.7490900000000003,1.7487900000000003,220,120
24.06.2024 00:21:36.306,1.7490900000000003,1.7487599999999999,220,120
24.06.2024 00:21:36.661,1.7490700000000001,1.74875,220,120
24.06.2024 00:21:38.675,1.7490700000000001,1.74872,220,120
24.06.2024 00:21:44.702,1.7490599999999998,1.74872,220,220
24.06.2024 00:21:50.438,1.7490200000000002,1.7486900000000003,220,120
24.06.2024 00:21:53.557,1.74901,1.74875,220,120
24.06.2024 00:21:56.724,1.74908,1.74878,220,120
24.06.2024 00:21:57.178,1.7490599999999998,1.7487400000000002,220,120
24.06.2024 00:21:57.984,1.7490599999999998,1.7487700000000002,220,120
24.06.2024 00:22:00.398,1.74905,1.7487599999999999,220,120
24.06.2024 00:22:04.220,1.7490200000000002,1.7487000000000001,220,120
24.06.2024 00:22:04.322,1.7489900000000003,1.7487000000000001,220,120
24.06.2024 00:22:04.524,1.7489900000000003,1.7487300000000001,220,120
24.06.2024 00:22:04.625,1.74905,1.7487300000000001,220,120
24.06.2024 00:22:05.532,1.7490400000000002,1.7487300000000001,220,120
24.06.2024 00:22:09.203,1.7490400000000002,1.74875,220,120
24.06.2024 00:22:09.254,1.7490400000000002,1.74871,220,120
24.06.2024 00:22:09.305,1.7489900000000003,1.74871,220,120
24.06.2024 00:22:10.815,1.74903,1.74871,1120,120
24.06.2024 00:22:18.868,1.7490200000000002,1.7486900000000003,220,120
24.06.2024 00:22:18.970,1.74898,1.74865,220,120
24.06.2024 00:22:19.072,1.74895,1.7486400000000002,220,120
24.06.2024 00:22:26.138,1.74895,1.74863,220,120
24.06.2024 00:22:27.296,1.7489400000000002,1.74865,220,120
24.06.2024 00:22:29.864,1.7489400000000002,1.7486400000000002,220,120
24.06.2024 00:22:29.965,1.7489900000000003,1.7486400000000002,220,310
24.06.2024 00:22:30.470,1.749,1.74868,220,120
24.06.2024 00:22:36.948,1.7489900000000003,1.74872,220,120
24.06.2024 00:22:38.560,1.7489900000000003,1.7486900000000003,220,120
24.06.2024 00:22:40.625,1.7489900000000003,1.74872,220,120
24.06.2024 00:22:41.079,1.7489900000000003,1.7487000000000001,220,120
24.06.2024 00:22:41.332,1.74903,1.7487000000000001,220,120
24.06.2024 00:22:41.484,1.7490700000000001,1.7487900000000003,450,120
24.06.2024 00:22:41.585,1.7491200000000002,1.7488000000000001,670,120
24.06.2024 00:22:43.649,1.7491200000000002,1.7488400000000002,220,120
24.06.2024 00:22:44.807,1.7491200000000002,1.7488000000000001,220,120
24.06.2024 00:22:48.326,1.74915,1.7487900000000003,220,310
24.06.2024 00:22:56.973,1.7491400000000001,1.74881,220,220
24.06.2024 00:23:00.085,1.7491200000000002,1.7488000000000001,220,120
24.06.2024 00:23:01.443,1.74915,1.7488000000000001,220,220
24.06.2024 00:23:05.941,1.7491400000000001,1.74878,220,220
24.06.2024 00:23:06.345,1.7490700000000001,1.74875,220,120
24.06.2024 00:23:06.447,1.74903,1.74875,220,120
24.06.2024 00:23:09.117,1.7490200000000002,1.7487400000000002,220,120
24.06.2024 00:23:10.778,1.7490599999999998,1.74875,220,120
24.06.2024 00:23:10.829,1.74911,1.7487400000000002,220,310
24.06.2024 00:23:10.931,1.7491200000000002,1.7487599999999999,450,220
24.06.2024 00:23:11.032,1.74908,1.74878,220,120
24.06.2024 00:23:11.235,1.7491,1.74878,220,120
24.06.2024 00:23:15.366,1.7491,1.74875,220,120
24.06.2024 00:23:17.126,1.7490900000000003,1.7487900000000003,220,120
24.06.2024 00:23:17.630,1.7491,1.74875,220,120
24.06.2024 00:23:20.954,1.7490700000000001,1.7487599999999999,220,120
24.06.2024 00:23:25.287,1.7490700000000001,1.74881,220,120
24.06.2024 00:23:28.150,1.7490700000000001,1.7487599999999999,220,120
24.06.2024 00:23:29.910,1.74908,1.74878,220,120
24.06.2024 00:23:30.011,1.7490700000000001,1.74878,220,120
24.06.2024 00:23:36.445,1.7490599999999998,1.7487599999999999,220,120
24.06.2024 00:23:36.496,1.74903,1.7487599999999999,220,120
24.06.2024 00:23:36.699,1.74903,1.7487400000000002,220,120
24.06.2024 00:23:37.002,1.7489900000000003,1.74875,220,120
24.06.2024 00:23:37.104,1.7490599999999998,1.7487400000000002,670,120
24.06.2024 00:23:37.407,1.74908,1.7487900000000003,220,120
24.06.2024 00:23:39.269,1.74908,1.7487599999999999,220,120
24.06.2024 00:23:45.349,1.74908,1.7487900000000003,220,120
24.06.2024 00:23:47.210,1.7490900000000003,1.7488200000000003,220,120
24.06.2024 00:23:52.142,1.74911,1.74885,220,120
24.06.2024 00:23:55.662,1.74911,1.74883,220,120
24.06.2024 00:23:55.864,1.74908,1.74883,220,120
24.06.2024 00:23:56.569,1.74911,1.74885,220,120
24.06.2024 00:23:59.088,1.7491200000000002,1.7488200000000003,220,120
24.06.2024 00:24:00.949,1.74911,1.7488200000000003,220,120
24.06.2024 00:24:12.111,1.74915,1.74885,220,120
24.06.2024 00:24:18.400,1.7491400000000001,1.7488400000000002,220,120
24.06.2024 00:24:20.261,1.74911,1.7488700000000001,220,120
24.06.2024 00:24:29.758,1.74911,1.7488400000000002,220,120
24.06.2024 00:24:29.859,1.74916,1.74883,220,120
24.06.2024 00:24:32.930,1.74915,1.7488599999999999,220,120
24.06.2024 00:24:41.533,1.74916,1.74883,220,120
24.06.2024 00:24:43.844,1.74915,1.74883,220,120
24.06.2024 00:24:47.265,1.7491400000000001,1.74881,220,120
24.06.2024 00:24:47.718,1.7491400000000001,1.74883,220,120
24.06.2024 00:24:47.820,1.7490900000000003,1.7488200000000003,220,120
24.06.2024 00:24:47.974,1.74916,1.74883,670,120
24.06.2024 00:24:49.934,1.74916,1.7488400000000002,220,120
24.06.2024 00:24:54.357,1.7491200000000002,1.74893,220,120
24.06.2024 00:24:54.408,1.74918,1.7489200000000003,450,120
24.06.2024 00:24:55.317,1.7492200000000002,1.7489200000000003,220,120
24.06.2024 00:25:00.800,1.74921,1.7489000000000001,220,120
24.06.2024 00:25:01.152,1.7492200000000002,1.7489200000000003,220,120
24.06.2024 00:25:12.261,1.74921,1.7489599999999998,220,120
24.06.2024 00:25:12.413,1.7491900000000002,1.7489599999999998,220,120
24.06.2024 00:25:13.925,1.74921,1.7489599999999998,220,120
24.06.2024 00:25:14.278,1.74921,1.74893,220,120
24.06.2024 00:25:15.181,1.74918,1.74893,220,120
24.06.2024 00:25:20.014,1.7491900000000002,1.74895,220,120
24.06.2024 00:25:21.171,1.74918,1.74893,220,120
24.06.2024 00:25:30.171,1.7492200000000002,1.7489200000000003,220,120
24.06.2024 00:25:39.212,1.74921,1.7489599999999998,220,120
24.06.2024 00:25:40.119,1.7492200000000002,1.7489200000000003,220,120
24.06.2024 00:25:46.200,1.7492200000000002,1.74895,220,120
24.06.2024 00:25:46.301,1.7492500000000002,1.74901,220,120
24.06.2024 00:25:46.404,1.74928,1.7489700000000001,220,120
24.06.2024 00:25:47.060,1.7492900000000002,1.7489700000000001,220,120
24.06.2024 00:25:47.111,1.7493,1.74898,220,120
24.06.2024 00:25:47.413,1.7492900000000002,1.74898,450,120
24.06.2024 00:25:47.464,1.7492500000000002,1.7489200000000003,220,120
24.06.2024 00:25:48.421,1.7492400000000001,1.7489200000000003,450,120
24.06.2024 00:25:48.523,1.7492400000000001,1.74891,450,220
24.06.2024 00:25:49.427,1.7492400000000001,1.7489000000000001,450,220
24.06.2024 00:25:51.436,1.7492200000000002,1.74891,450,220
24.06.2024 00:25:51.688,1.7492200000000002,1.7489000000000001,450,120
24.06.2024 00:25:53.450,1.74923,1.7489000000000001,670,120
24.06.2024 00:25:55.463,1.74923,1.7488900000000003,450,120
24.06.2024 00:25:56.972,1.74916,1.7488700000000001,220,120
24.06.2024 00:25:58.535,1.7491700000000001,1.74883,220,120
24.06.2024 00:25:59.242,1.74916,1.74881,1120,310
24.06.2024 00:26:00.904,1.74913,1.7488000000000001,220,120
24.06.2024 00:26:03.670,1.74913,1.74885,220,120
24.06.2024 00:26:04.024,1.74915,1.7488599999999999,220,120
24.06.2024 00:26:07.896,1.74916,1.7488200000000003,670,120
24.06.2024 00:26:08.451,1.74915,1.74885,670,120
24.06.2024 00:26:08.552,1.7491400000000001,1.7488400000000002,220,120
24.06.2024 00:26:17.809,1.74913,1.74888,220,120
24.06.2024 00:26:19.575,1.74913,1.7488599999999999,220,120
24.06.2024 00:26:20.229,1.74913,1.74888,220,120
24.06.2024 00:26:22.795,1.7491400000000001,1.74885,220,120
24.06.2024 00:26:23.550,1.7491400000000001,1.7488700000000001,220,120
24.06.2024 00:26:25.313,1.74913,1.7488599999999999,220,120
24.06.2024 00:26:32.606,1.74913,1.74888,220,120
24.06.2024 00:26:33.965,1.74913,1.7488700000000001,220,120
24.06.2024 00:26:34.267,1.7491200000000002,1.74885,220,120
24.06.2024 00:26:34.620,1.74913,1.7488700000000001,220,120
24.06.2024 00:26:35.776,1.7491200000000002,1.74885,220,120
24.06.2024 00:26:36.380,1.7491200000000002,1.7488200000000003,220,120
24.06.2024 00:26:37.035,1.74908,1.74881,220,120
24.06.2024 00:26:43.122,1.74908,1.74878,220,120
24.06.2024 00:26:43.173,1.74905,1.74878,220,120
24.06.2024 00:26:43.426,1.7490400000000002,1.7487400000000002,220,120
24.06.2024 00:26:46.493,1.7490400000000002,1.7487599999999999,220,120
24.06.2024 00:26:53.626,1.7490400000000002,1.7487400000000002,220,120
24.06.2024 00:26:59.007,1.74905,1.74878,220,120
24.06.2024 00:26:59.059,1.74908,1.7487900000000003,450,120
24.06.2024 00:26:59.110,1.7491200000000002,1.7488200000000003,900,120
24.06.2024 00:26:59.211,1.74913,1.74883,220,120
24.06.2024 00:27:01.627,1.7491,1.7488200000000003,220,120
24.06.2024 00:27:05.149,1.74911,1.7487599999999999,220,120
24.06.2024 00:27:05.955,1.7490900000000003,1.7487700000000002,220,120
24.06.2024 00:27:06.508,1.74911,1.7487900000000003,670,120
24.06.2024 00:27:06.610,1.74911,1.7488000000000001,450,220
24.06.2024 00:27:06.864,1.7491200000000002,1.74881,450,120
24.06.2024 00:27:07.719,1.74915,1.74881,450,120
24.06.2024 00:27:08.725,1.74916,1.74881,670,120
24.06.2024 00:27:10.134,1.7491400000000001,1.7488200000000003,450,120
24.06.2024 00:27:10.286,1.7491400000000001,1.74885,450,120
24.06.2024 00:27:12.148,1.74913,1.74885,450,120
24.06.2024 00:27:14.110,1.7491200000000002,1.74885,220,120
24.06.2024 00:27:15.065,1.7490700000000001,1.74883,220,120
24.06.2024 00:27:15.116,1.7490599999999998,1.74878,220,120
24.06.2024 00:27:15.268,1.7490200000000002,1.7487700000000002,220,120
24.06.2024 00:27:15.420,1.74901,1.74872,220,120
24.06.2024 00:27:17.082,1.7490200000000002,1.7487400000000002,220,120
24.06.2024 00:27:17.746,1.7490200000000002,1.7487599999999999,220,120
24.06.2024 00:27:19.961,1.7489900000000003,1.7487700000000002,220,120
24.06.2024 00:27:29.767,1.7490200000000002,1.7487700000000002,220,120
24.06.2024 00:27:31.832,1.749,1.7487700000000002,220,120
24.06.2024 00:27:32.034,1.749,1.74872,220,120
24.06.2024 00:27:32.438,1.7489700000000001,1.74871,220,120
24.06.2024 00:27:36.556,1.749,1.74871,220,120
24.06.2024 00:27:36.959,1.749,1.7487300000000001,220,120
24.06.2024 00:27:40.975,1.7490200000000002,1.7487300000000001,220,120
24.06.2024 00:27:45.249,1.7490400000000002,1.7487400000000002,220,120
24.06.2024 00:27:49.174,1.74901,1.74872,220,120
24.06.2024 00:27:50.434,1.7490400000000002,1.7487400000000002,670,120
24.06.2024 00:27:53.350,1.74905,1.74875,220,120
24.06.2024 00:27:55.358,1.7490400000000002,1.7487400000000002,220,120
24.06.2024 00:27:55.560,1.74901,1.7487400000000002,220,120
24.06.2024 00:27:55.662,1.7490700000000001,1.7487400000000002,450,120
24.06.2024 00:27:55.914,1.7490599999999998,1.74878,450,120
24.06.2024 00:27:56.016,1.7490700000000001,1.74878,220,120
24.06.2024 00:27:59.960,1.74908,1.74878,220,120
24.06.2024 00:28:03.131,1.7490900000000003,1.7487900000000003,220,120
24.06.2024 00:28:04.538,1.74908,1.74875,670,120
24.06.2024 00:28:04.942,1.74903,1.7487300000000001,220,120
24.06.2024 00:28:16.366,1.749,1.74871,220,120
24.06.2024 00:28:19.987,1.7490200000000002,1.74871,220,120
24.06.2024 00:28:23.309,1.74905,1.74871,670,120
24.06.2024 00:28:24.014,1.7490400000000002,1.74871,450,120
24.06.2024 00:28:24.216,1.7490200000000002,1.74871,220,120
24.06.2024 00:28:27.136,1.74898,1.74872,220,120
24.06.2024 00:28:29.047,1.7490200000000002,1.74871,220,120
24.06.2024 00:28:29.198,1.74901,1.7487400000000002,220,120
24.06.2024 00:28:31.308,1.7490400000000002,1.7487400000000002,220,120
24.06.2024 00:28:41.272,1.7490200000000002,1.7487599999999999,220,120
24.06.2024 00:28:41.526,1.7490599999999998,1.7487700000000002,450,120
24.06.2024 00:28:42.380,1.74908,1.7487599999999999,220,120
24.06.2024 00:28:43.786,1.74908,1.7487400000000002,220,120
24.06.2024 00:28:45.799,1.7490700000000001,1.7487400000000002,450,120
24.06.2024 00:28:46.302,1.7490599999999998,1.74878,450,120
24.06.2024 00:28:46.819,1.7490700000000001,1.74878,220,120
24.06.2024 00:28:47.975,1.74908,1.7487400000000002,220,120
24.06.2024 00:28:48.780,1.7490599999999998,1.74875,450,120
24.06.2024 00:28:51.346,1.74901,1.7487700000000002,220,120
24.06.2024 00:28:55.423,1.7490200000000002,1.7487700000000002,220,120
24.06.2024 00:28:55.776,1.7490200000000002,1.7487400000000002,220,120
24.06.2024 00:28:56.733,1.7489900000000003,1.74872,220,120
24.06.2024 00:29:00.456,1.749,1.7487000000000001,220,120
24.06.2024 00:29:00.961,1.7489900000000003,1.7487000000000001,220,120
24.06.2024 00:29:02.470,1.74901,1.74872,220,120
24.06.2024 00:29:04.481,1.74898,1.74872,220,120
24.06.2024 00:29:06.699,1.7489900000000003,1.7487000000000001,220,120
24.06.2024 00:29:07.254,1.7489900000000003,1.74872,220,120
24.06.2024 00:29:09.016,1.7490200000000002,1.74872,220,120
24.06.2024 00:29:20.743,1.74903,1.7487300000000001,220,120
24.06.2024 00:29:23.159,1.7490400000000002,1.7487400000000002,220,120
24.06.2024 00:29:30.308,1.7490200000000002,1.7487300000000001,220,120
24.06.2024 00:29:37.595,1.74905,1.7487300000000001,220,120
24.06.2024 00:29:39.015,1.74901,1.7487400000000002,220,120
24.06.2024 00:29:48.319,1.74901,1.7487599999999999,220,120
24.06.2024 00:29:48.471,1.7490400000000002,1.7487599999999999,220,120
24.06.2024 00:29:48.522,1.749,1.7487599999999999,220,120
24.06.2024 00:29:48.623,1.7489599999999998,1.74872,220,120
24.06.2024 00:29:49.330,1.74901,1.7487300000000001,450,120
24.06.2024 00:29:49.433,1.7490200000000002,1.7487300000000001,220,120
24.06.2024 00:29:49.484,1.7489900000000003,1.7487300000000001,220,120
24.06.2024 00:29:53.961,1.7489599999999998,1.7487400000000002,220,120
24.06.2024 00:29:54.465,1.7489599999999998,1.74868,220,120
24.06.2024 00:29:55.773,1.7489200000000003,1.7486700000000002,220,120
24.06.2024 00:29:59.594,1.74891,1.7486599999999999,220,120
24.06.2024 00:30:00.249,1.7489900000000003,1.74868,670,120
24.06.2024 00:30:04.976,1.7489700000000001,1.74868,220,120
24.06.2024 00:30:11.861,1.749,1.74871,450,120
24.06.2024 00:30:11.963,1.7490200000000002,1.74872,670,120
24.06.2024 00:30:28.805,1.74903,1.74872,220,120
24.06.2024 00:30:29.358,1.74903,1.7487400000000002,220,120
24.06.2024 00:30:34.592,1.74903,1.74871,220,120
24.06.2024 00:30:35.046,1.7490400000000002,1.7487300000000001,220,120
24.06.2024 00:30:37.158,1.74905,1.7487400000000002,220,120
24.06.2024 00:30:38.417,1.74905,1.74871,220,310
24.06.2024 00:30:40.531,1.74905,1.7487000000000001,450,310
24.06.2024 00:30:41.538,1.74905,1.74871,220,310
24.06.2024 00:30:41.891,1.74903,1.7487000000000001,220,120
24.06.2024 00:30:48.687,1.7490200000000002,1.7487700000000002,220,120
24.06.2024 00:30:49.342,1.7490900000000003,1.74881,450,120
24.06.2024 00:30:49.392,1.7490900000000003,1.74885,450,120
24.06.2024 00:30:49.494,1.74916,1.7489000000000001,450,120
24.06.2024 00:30:49.596,1.7491700000000001,1.74891,220,120
24.06.2024 00:30:49.647,1.74921,1.74891,220,120
24.06.2024 00:30:50.151,1.7492200000000002,1.7488900000000003,220,120
24.06.2024 00:30:52.317,1.7492200000000002,1.7489000000000001,220,120
24.06.2024 00:30:52.368,1.7491700000000001,1.74891,220,120
24.06.2024 00:31:00.110,1.74918,1.7489200000000003,220,120
24.06.2024 00:31:04.184,1.74918,1.74893,220,120
24.06.2024 00:31:04.285,1.7492200000000002,1.7489400000000002,220,120
24.06.2024 00:31:04.437,1.7492200000000002,1.74891,220,120
24.06.2024 00:31:04.740,1.7491700000000001,1.74891,220,120
24.06.2024 00:31:08.820,1.7491900000000002,1.74891,220,120
24.06.2024 00:31:12.188,1.7491900000000002,1.74893,220,120
24.06.2024 00:31:16.816,1.7491900000000002,1.74891,220,120
24.06.2024 00:31:16.868,1.74923,1.7489000000000001,220,120
24.06.2024 00:31:16.919,1.74918,1.7489000000000001,220,120
24.06.2024 00:31:19.991,1.7491400000000001,1.74891,220,120
24.06.2024 00:31:20.142,1.7491400000000001,1.7488700000000001,220,120
24.06.2024 00:31:21.196,1.74911,1.7488700000000001,220,120
24.06.2024 00:31:27.375,1.74915,1.7488700000000001,220,120
24.06.2024 00:31:27.527,1.74915,1.7488900000000003,220,120
24.06.2024 00:31:28.081,1.74915,1.7488599999999999,220,120
24.06.2024 00:31:28.132,1.7491900000000002,1.7488599999999999,220,120
24.06.2024 00:31:29.390,1.7491700000000001,1.7488599999999999,220,120
24.06.2024 00:31:29.743,1.74918,1.7489200000000003,220,120
24.06.2024 00:31:31.859,1.74921,1.7489400000000002,220,120
24.06.2024 00:31:32.011,1.7492400000000001,1.7489400000000002,220,120
24.06.2024 00:31:32.464,1.74923,1.74898,220,120
24.06.2024 00:31:36.187,1.7492500000000002,1.7489700000000001,220,120
24.06.2024 00:31:36.289,1.7492500000000002,1.7489900000000003,220,120
24.06.2024 00:31:36.643,1.7492500000000002,1.74895,220,120
24.06.2024 00:31:38.152,1.7492400000000001,1.7489900000000003,220,120
24.06.2024 00:31:44.533,1.7492400000000001,1.7489400000000002,220,120
24.06.2024 00:31:45.440,1.7492500000000002,1.7489599999999998,220,120
24.06.2024 00:31:47.854,1.74931,1.7489599999999998,220,120
24.06.2024 00:31:47.906,1.7493,1.749,220,120
24.06.2024 00:31:51.429,1.7492500000000002,1.7489599999999998,220,120
24.06.2024 00:31:51.480,1.74927,1.7489700000000001,220,120
24.06.2024 00:31:52.086,1.74927,1.7489900000000003,220,120
24.06.2024 00:31:53.294,1.7492500000000002,1.7489599999999998,220,120
24.06.2024 00:31:59.648,1.74927,1.7489700000000001,220,120
24.06.2024 00:32:00.101,1.74931,1.7489599999999998,220,310
24.06.2024 00:32:00.152,1.7492400000000001,1.74895,220,120
24.06.2024 00:32:00.405,1.74918,1.74891,220,120
24.06.2024 00:32:04.079,1.7491,1.7488400000000002,220,120
24.06.2024 00:32:04.130,1.7491200000000002,1.74885,220,120
24.06.2024 00:32:04.636,1.74908,1.7488400000000002,220,120
24.06.2024 00:32:08.815,1.7490700000000001,1.7488400000000002,220,120
24.06.2024 00:32:09.370,1.7490599999999998,1.74881,220,120
24.06.2024 00:32:09.573,1.74903,1.74881,220,120
24.06.2024 00:32:10.480,1.7490400000000002,1.7487700000000002,220,120
24.06.2024 00:32:10.683,1.7491,1.7487700000000002,220,120
24.06.2024 00:32:10.784,1.7490900000000003,1.7487900000000003,220,120
24.06.2024 00:32:10.987,1.74905,1.74878,220,120
24.06.2024 00:32:13.854,1.749,1.7487400000000002,220,120
24.06.2024 00:32:16.926,1.749,1.7487599999999999,220,120
24.06.2024 00:32:18.991,1.74903,1.7487599999999999,220,120
24.06.2024 00:32:19.344,1.7490700000000001,1.7487599999999999,220,120
24.06.2024 00:32:20.400,1.7490700000000001,1.7487300000000001,220,220
24.06.2024 00:32:20.451,1.7490200000000002,1.74872,220,120
24.06.2024 00:32:21.359,1.7490200000000002,1.7487300000000001,220,120
24.06.2024 00:32:21.511,1.749,1.7487300000000001,220,120
24.06.2024 00:32:21.814,1.749,1.74872,220,120
24.06.2024 00:32:22.218,1.7490200000000002,1.74872,220,120
24.06.2024 00:32:24.634,1.7490200000000002,1.7487400000000002,220,120
24.06.2024 00:32:26.698,1.7489900000000003,1.74872,220,120
24.06.2024 00:32:26.952,1.7490400000000002,1.74872,220,120
24.06.2024 00:32:27.054,1.74905,1.74875,220,120
24.06.2024 00:32:29.772,1.7490400000000002,1.7487300000000001,220,120
24.06.2024 00:32:30.025,1.74901,1.7487300000000001,220,120
24.06.2024 00:32:33.949,1.7490400000000002,1.74872,220,120
24.06.2024 00:32:34.566,1.74903,1.74872,220,120
24.06.2024 00:32:39.697,1.74905,1.7487300000000001,450,120
24.06.2024 00:32:40.252,1.7490700000000001,1.74872,670,120
24.06.2024 00:32:42.772,1.7490200000000002,1.7487300000000001,220,120
24.06.2024 00:32:46.301,1.74905,1.74872,450,120
24.06.2024 00:32:47.306,1.7490599999999998,1.7487300000000001,1120,120
24.06.2024 00:32:50.273,1.74905,1.7487300000000001,450,120
24.06.2024 00:32:51.433,1.74901,1.7487300000000001,220,120
24.06.2024 00:32:52.340,1.74905,1.7487300000000001,670,120
24.06.2024 00:32:53.296,1.74905,1.74872,450,120
24.06.2024 00:32:54.303,1.7490599999999998,1.74872,670,120
24.06.2024 00:32:57.323,1.7490400000000002,1.7487300000000001,450,120
24.06.2024 00:32:58.330,1.7490599999999998,1.74872,670,120
24.06.2024 00:33:00.342,1.7490400000000002,1.7487300000000001,450,120
24.06.2024 00:33:00.645,1.74905,1.7487400000000002,450,120
24.06.2024 00:33:00.898,1.74901,1.74875,220,120
24.06.2024 00:33:00.999,1.7490200000000002,1.7487000000000001,220,120
24.06.2024 00:33:01.251,1.74898,1.74871,220,120
24.06.2024 00:33:05.780,1.7489900000000003,1.74871,220,120
24.06.2024 00:33:05.982,1.749,1.74871,220,120
24.06.2024 00:33:07.847,1.749,1.74868,220,120
24.06.2024 00:33:08.100,1.7489900000000003,1.74868,450,120
24.06.2024 00:33:08.202,1.74901,1.7486700000000002,220,120
24.06.2024 00:33:08.656,1.74898,1.74868,450,120
24.06.2024 00:33:09.666,1.74901,1.7486700000000002,1120,120
24.06.2024 00:33:09.768,1.7489900000000003,1.74868,220,120
24.06.2024 00:33:10.375,1.749,1.7487000000000001,220,120
24.06.2024 00:33:14.701,1.7489900000000003,1.74868,220,120
24.06.2024 00:33:16.768,1.749,1.74872,220,120
24.06.2024 00:33:16.819,1.7490599999999998,1.74872,900,120
24.06.2024 00:33:17.676,1.7490400000000002,1.74872,220,120
24.06.2024 00:33:21.955,1.7490200000000002,1.74872,220,120
24.06.2024 00:33:22.611,1.74901,1.7487000000000001,220,120
24.06.2024 00:33:26.189,1.7489900000000003,1.7486900000000003,220,120
24.06.2024 00:33:28.205,1.74905,1.7487599999999999,450,120
24.06.2024 00:33:28.508,1.7490599999999998,1.74872,450,120
24.06.2024 00:33:29.818,1.7490400000000002,1.7487300000000001,450,120
24.06.2024 00:33:29.920,1.74905,1.7487300000000001,450,120
24.06.2024 00:33:32.188,1.7490400000000002,1.7487300000000001,450,120
24.06.2024 00:33:33.196,1.74898,1.7486400000000002,220,120
24.06.2024 00:33:37.429,1.7489900000000003,1.74865,450,220
24.06.2024 00:33:38.285,1.7489599999999998,1.74863,220,120
24.06.2024 00:33:38.387,1.74901,1.7487000000000001,1120,120
24.06.2024 00:33:40.956,1.7489700000000001,1.74868,220,120
24.06.2024 00:33:44.426,1.7489700000000001,1.74863,220,120
24.06.2024 00:33:48.000,1.7489599999999998,1.7486700000000002,670,120
24.06.2024 00:33:49.814,1.74895,1.7486599999999999,220,120
24.06.2024 00:33:55.450,1.7489400000000002,1.7486400000000002,220,120
24.06.2024 00:33:57.112,1.7489400000000002,1.7486700000000002,220,120
24.06.2024 00:33:57.968,1.74893,1.7486700000000002,220,120
24.06.2024 00:34:00.080,1.74893,1.7486400000000002,220,120
24.06.2024 00:34:00.131,1.74893,1.7487000000000001,220,120
24.06.2024 00:34:00.182,1.74898,1.7487000000000001,450,120
24.06.2024 00:34:00.283,1.7489900000000003,1.7487000000000001,450,120
24.06.2024 00:34:02.244,1.74901,1.7486900000000003,450,120
24.06.2024 00:34:03.198,1.7489900000000003,1.7487000000000001,450,120
24.06.2024 00:34:04.204,1.749,1.7487000000000001,450,120
24.06.2024 00:34:05.162,1.7489599999999998,1.7486700000000002,220,120
24.06.2024 00:34:05.314,1.7489200000000003,1.7486700000000002,220,120
24.06.2024 00:34:11.948,1.7489400000000002,1.7486700000000002,220,120
24.06.2024 00:34:19.567,1.7489599999999998,1.7486700000000002,670,120
24.06.2024 00:34:20.472,1.74898,1.7486700000000002,670,120
24.06.2024 00:34:21.984,1.74898,1.7487000000000001,670,120
24.06.2024 00:34:22.235,1.74898,1.7486700000000002,670,120
24.06.2024 00:34:24.048,1.74898,1.7486900000000003,670,120
24.06.2024 00:34:24.503,1.74901,1.7486900000000003,1120,120
24.06.2024 00:34:24.806,1.749,1.7486900000000003,450,120
24.06.2024 00:34:24.907,1.74901,1.74875,450,310
24.06.2024 00:34:25.009,1.74903,1.74878,450,220
24.06.2024 00:34:25.110,1.74908,1.74875,670,120
24.06.2024 00:34:25.212,1.74903,1.74875,220,120
24.06.2024 00:34:25.565,1.7490400000000002,1.7487300000000001,220,120
24.06.2024 00:34:26.120,1.7490400000000002,1.7487000000000001,220,120
24.06.2024 00:34:26.372,1.7490400000000002,1.74868,220,220
24.06.2024 00:34:26.976,1.7490400000000002,1.74871,670,120
24.06.2024 00:34:29.639,1.74903,1.7486900000000003,450,220
24.06.2024 00:34:29.841,1.749,1.74865,220,120
24.06.2024 00:34:30.143,1.749,1.74868,220,120
24.06.2024 00:34:33.108,1.749,1.74865,220,120
24.06.2024 00:34:33.411,1.7489900000000003,1.74865,450,120
24.06.2024 00:34:33.914,1.7489900000000003,1.7486599999999999,670,120
24.06.2024 00:34:34.166,1.74898,1.7486599999999999,450,120
24.06.2024 00:34:34.468,1.7489900000000003,1.7486599999999999,670,120
24.06.2024 00:34:34.821,1.749,1.74868,1120,120
24.06.2024 00:34:35.527,1.7489900000000003,1.7486599999999999,220,120
24.06.2024 00:34:37.387,1.749,1.74868,220,120
24.06.2024 00:34:41.807,1.7489900000000003,1.7486599999999999,220,120
24.06.2024 00:34:42.212,1.749,1.74868,220,120
24.06.2024 00:34:44.825,1.74901,1.74868,670,120
24.06.2024 00:34:45.228,1.749,1.74872,670,120
24.06.2024 00:34:48.650,1.749,1.7486900000000003,220,120
24.06.2024 00:34:49.907,1.749,1.74868,450,120
24.06.2024 00:34:50.110,1.749,1.7486900000000003,1120,120
24.06.2024 00:34:51.066,1.74901,1.74871,220,120
24.06.2024 00:34:51.218,1.7490200000000002,1.74871,450,120
24.06.2024 00:34:51.471,1.74903,1.74871,450,120
24.06.2024 00:34:53.733,1.7490200000000002,1.74871,450,220
24.06.2024 00:34:55.492,1.7490400000000002,1.7487000000000001,450,220
24.06.2024 00:34:55.593,1.7490200000000002,1.74871,450,220
24.06.2024 00:34:55.895,1.7490400000000002,1.7487000000000001,900,220
24.06.2024 00:34:56.197,1.74903,1.7487000000000001,450,220
24.06.2024 00:35:04.964,1.7490200000000002,1.7486900000000003,450,310
24.06.2024 00:35:06.221,1.74901,1.7486900000000003,220,120
24.06.2024 00:35:06.777,1.749,1.7486900000000003,450,120
24.06.2024 00:35:06.879,1.74901,1.74868,670,120
24.06.2024 00:35:07.585,1.749,1.7486700000000002,450,120
24.06.2024 00:35:07.938,1.7489900000000003,1.7486700000000002,450,220
24.06.2024 00:35:08.291,1.74898,1.7486400000000002,220,120
24.06.2024 00:35:09.904,1.7489700000000001,1.74868,220,120
24.06.2024 00:35:09.955,1.7489900000000003,1.7486900000000003,450,220
24.06.2024 00:35:10.560,1.7490200000000002,1.7486900000000003,450,220
24.06.2024 00:35:11.568,1.74903,1.7486900000000003,450,220
24.06.2024 00:35:18.610,1.74903,1.74868,450,220
24.06.2024 00:35:19.569,1.7490200000000002,1.74872,450,220
24.06.2024 00:35:19.670,1.74901,1.7487700000000002,450,220
24.06.2024 00:35:19.721,1.7490599999999998,1.7487599999999999,220,120
24.06.2024 00:35:19.823,1.74908,1.7488000000000001,900,120
24.06.2024 00:35:19.975,1.7490900000000003,1.74875,450,120
24.06.2024 00:35:20.279,1.74908,1.7487400000000002,450,120
24.06.2024 00:35:20.431,1.7490700000000001,1.7487300000000001,450,120
24.06.2024 00:35:20.734,1.7490599999999998,1.7487300000000001,450,120
24.06.2024 00:35:21.137,1.7490599999999998,1.7487400000000002,900,120
24.06.2024 00:35:21.440,1.7490599999999998,1.7487300000000001,450,120
24.06.2024 00:35:21.542,1.7490700000000001,1.7487400000000002,450,120
24.06.2024 00:35:22.650,1.74908,1.7487400000000002,450,120
24.06.2024 00:35:22.953,1.7490700000000001,1.7487400000000002,450,120
24.06.2024 00:35:23.508,1.7490700000000001,1.7487700000000002,450,120
24.06.2024 00:35:23.961,1.7490900000000003,1.7487599999999999,900,120
24.06.2024 00:35:24.413,1.7490900000000003,1.74875,900,120
24.06.2024 00:35:24.615,1.7491,1.74875,1120,120
24.06.2024 00:35:24.917,1.74908,1.7487599999999999,450,120
24.06.2024 00:35:25.018,1.74908,1.7487300000000001,450,120
24.06.2024 00:35:25.220,1.7490700000000001,1.7487300000000001,450,120
24.06.2024 00:35:25.623,1.7490700000000001,1.74872,450,120
24.06.2024 00:35:26.076,1.7490599999999998,1.7487599999999999,450,120
24.06.2024 00:35:26.530,1.7490599999999998,1.7487300000000001,1350,120
24.06.2024 00:35:29.344,1.74908,1.74872,670,120
24.06.2024 00:35:29.697,1.7490599999999998,1.7487300000000001,450,120
24.06.2024 00:35:30.752,1.7490700000000001,1.7487300000000001,670,120
24.06.2024 00:35:31.807,1.7490700000000001,1.74872,450,120
24.06.2024 00:35:32.562,1.7490700000000001,1.74875,450,120
24.06.2024 00:35:32.815,1.7490700000000001,1.7487599999999999,220,120
24.06.2024 00:35:33.571,1.7490700000000001,1.7487900000000003,220,120
24.06.2024 00:35:33.973,1.7490700000000001,1.74878,220,120
24.06.2024 00:35:34.174,1.7490599999999998,1.7487599999999999,220,120
24.06.2024 00:35:35.281,1.7490900000000003,1.74875,220,120
24.06.2024 00:35:36.390,1.7490900000000003,1.7487900000000003,450,220
24.06.2024 00:35:36.491,1.7491,1.7487900000000003,900,220
24.06.2024 00:35:37.497,1.74911,1.7487900000000003,450,220
24.06.2024 00:35:37.799,1.74911,1.74878,450,220
24.06.2024 00:35:38.151,1.7490900000000003,1.7487599999999999,220,120
24.06.2024 00:35:38.303,1.74908,1.7487599999999999,450,120
24.06.2024 00:35:38.606,1.7490599999999998,1.7487599999999999,1120,120
24.06.2024 00:35:38.708,1.74905,1.74871,450,220
24.06.2024 00:35:38.809,1.7490599999999998,1.74871,1570.0001,220
24.06.2024 00:35:39.312,1.74903,1.74871,450,220
24.06.2024 00:35:51.681,1.74905,1.7487000000000001,450,220
24.06.2024 00:35:53.238,1.7490400000000002,1.7487300000000001,450,120
24.06.2024 00:35:53.994,1.7490599999999998,1.74872,450,120
24.06.2024 00:35:56.556,1.7490400000000002,1.7487300000000001,450,120
24.06.2024 00:35:56.708,1.7490400000000002,1.74871,450,310
24.06.2024 00:35:56.759,1.749,1.7487000000000001,220,120
24.06.2024 00:35:56.810,1.74901,1.74871,220,120
24.06.2024 00:35:56.912,1.74901,1.7487000000000001,220,120
24.06.2024 00:36:00.942,1.7489900000000003,1.74871,220,120
24.06.2024 00:36:02.149,1.7489900000000003,1.74872,220,120
24.06.2024 00:36:02.201,1.7490400000000002,1.74871,220,120
24.06.2024 00:36:02.252,1.7490200000000002,1.74871,220,120
24.06.2024 00:36:02.353,1.7490400000000002,1.74872,670,120
24.06.2024 00:36:02.454,1.74905,1.74872,220,120
24.06.2024 00:36:03.261,1.74903,1.7487300000000001,450,120
24.06.2024 00:36:03.665,1.74905,1.74872,670,120
24.06.2024 00:36:03.867,1.7490200000000002,1.7487300000000001,450,120
24.06.2024 00:36:05.324,1.7490200000000002,1.7486900000000003,900,310
24.06.2024 00:36:05.426,1.7490200000000002,1.74868,450,310
24.06.2024 00:36:05.729,1.7490200000000002,1.7486900000000003,450,310
24.06.2024 00:36:05.931,1.749,1.7486900000000003,450,310
24.06.2024 00:36:06.536,1.74901,1.7486900000000003,900,310
24.06.2024 00:36:06.839,1.749,1.7486900000000003,450,310
24.06.2024 00:36:07.142,1.74901,1.7486900000000003,900,310
24.06.2024 00:36:07.444,1.749,1.7486900000000003,450,310
24.06.2024 00:36:07.897,1.74901,1.7486900000000003,900,310
24.06.2024 00:36:08.199,1.74901,1.74868,450,310
24.06.2024 00:36:08.502,1.74901,1.7486900000000003,900,310
24.06.2024 00:36:12.374,1.7490200000000002,1.7486900000000003,900,310
24.06.2024 00:36:12.676,1.74901,1.7486900000000003,450,310
24.06.2024 00:36:12.778,1.7490200000000002,1.7486900000000003,450,120
24.06.2024 00:36:12.879,1.74903,1.7486900000000003,450,120
24.06.2024 00:36:13.181,1.7490200000000002,1.7486900000000003,450,120
24.06.2024 00:36:14.188,1.7490400000000002,1.7486900000000003,1120,120
24.06.2024 00:36:15.695,1.74903,1.7486900000000003,1120,310
24.06.2024 00:36:17.352,1.749,1.7486900000000003,220,120
24.06.2024 00:36:20.069,1.749,1.74872,220,120
24.06.2024 00:36:20.272,1.7489900000000003,1.7486700000000002,220,120
24.06.2024 00:36:20.323,1.74895,1.7486700000000002,220,120
24.06.2024 00:36:20.676,1.7489700000000001,1.7486700000000002,220,120
24.06.2024 00:36:21.030,1.7489700000000001,1.7486900000000003,220,120
24.06.2024 00:36:21.483,1.7489700000000001,1.7486700000000002,220,120
24.06.2024 00:36:21.887,1.749,1.7487000000000001,450,120
24.06.2024 00:36:22.039,1.7490200000000002,1.7487000000000001,220,120
24.06.2024 00:36:22.191,1.7489900000000003,1.7486900000000003,220,120
24.06.2024 00:36:22.292,1.74898,1.74865,220,120
24.06.2024 00:36:25.112,1.74895,1.74865,220,120
24.06.2024 00:36:27.327,1.7489599999999998,1.7486700000000002,220,120
24.06.2024 00:36:28.090,1.74895,1.7487000000000001,220,120
24.06.2024 00:36:28.695,1.74895,1.74868,220,120
24.06.2024 00:36:30.406,1.74895,1.7487000000000001,220,120
24.06.2024 00:36:31.160,1.7489599999999998,1.7486700000000002,220,120
24.06.2024 00:36:31.915,1.74895,1.74865,220,120
24.06.2024 00:36:37.799,1.74895,1.7487000000000001,220,120
24.06.2024 00:36:38.303,1.7489599999999998,1.7486700000000002,220,120
24.06.2024 00:36:40.116,1.7489700000000001,1.74868,220,120
24.06.2024 00:36:41.579,1.7489700000000001,1.7487000000000001,220,120
24.06.2024 00:36:48.116,1.74898,1.7486700000000002,220,120
24.06.2024 00:36:48.520,1.74901,1.74868,450,220
24.06.2024 00:36:49.426,1.7490400000000002,1.74868,1120,220
24.06.2024 00:36:49.779,1.74903,1.74868,450,220
24.06.2024 00:36:50.433,1.74901,1.7486900000000003,450,220
24.06.2024 00:36:51.439,1.7490200000000002,1.7486900000000003,900,220
24.06.2024 00:36:52.443,1.7490200000000002,1.74868,450,220
24.06.2024 00:37:00.080,1.74903,1.74868,450,220
24.06.2024 00:37:01.087,1.749,1.7486900000000003,450,220
24.06.2024 00:37:02.094,1.7490200000000002,1.74868,900,220
24.06.2024 00:37:03.099,1.74901,1.74868,450,220
24.06.2024 00:37:05.109,1.7490200000000002,1.74868,900,220
24.06.2024 00:37:05.463,1.74901,1.74868,450,220
24.06.2024 00:37:05.766,1.7489900000000003,1.7486900000000003,450,310
24.06.2024 00:37:06.169,1.74901,1.74868,900,310
24.06.2024 00:37:08.082,1.7489900000000003,1.7486900000000003,450,310
24.06.2024 00:37:09.090,1.74901,1.74868,900,310
24.06.2024 00:37:09.645,1.74898,1.74868,220,120
24.06.2024 00:37:15.832,1.7489700000000001,1.7486599999999999,220,120
24.06.2024 00:37:16.135,1.7489900000000003,1.7486599999999999,900,120
24.06.2024 00:37:16.438,1.749,1.7486700000000002,450,120
24.06.2024 00:37:16.841,1.74898,1.74868,450,120
24.06.2024 00:37:17.848,1.749,1.74868,670,120
24.06.2024 00:37:24.954,1.7489900000000003,1.74868,220,120
24.06.2024 00:37:28.733,1.749,1.7486400000000002,220,310
24.06.2024 00:37:28.835,1.74898,1.74865,450,310
24.06.2024 00:37:29.693,1.7489700000000001,1.7486400000000002,450,310
24.06.2024 00:37:30.096,1.74898,1.7486400000000002,450,310
24.06.2024 00:37:30.449,1.74898,1.74865,900,310
24.06.2024 00:37:30.701,1.7489700000000001,1.74865,450,310
24.06.2024 00:37:30.802,1.74898,1.74865,900,310
24.06.2024 00:37:31.054,1.7489599999999998,1.74865,220,120
24.06.2024 00:37:36.585,1.7489700000000001,1.74865,450,310
24.06.2024 00:37:36.687,1.74898,1.74865,900,310
24.06.2024 00:37:36.889,1.7489700000000001,1.7486400000000002,450,310
24.06.2024 00:37:37.342,1.7489400000000002,1.74862,220,120
24.06.2024 00:37:37.444,1.74891,1.74862,220,120
24.06.2024 00:37:38.554,1.7489200000000003,1.74862,220,120
24.06.2024 00:37:42.835,1.74891,1.74862,220,120
24.06.2024 00:37:52.339,1.7489200000000003,1.74862,220,120
24.06.2024 00:38:05.353,1.7489200000000003,1.7485900000000003,220,120
24.06.2024 00:38:06.110,1.74885,1.74856,220,120
24.06.2024 00:38:06.161,1.7488900000000003,1.74856,220,120
24.06.2024 00:38:06.313,1.74885,1.7486000000000002,220,120
24.06.2024 00:38:06.415,1.74885,1.7485400000000002,220,120
24.06.2024 00:38:06.819,1.74885,1.7485700000000002,220,120
24.06.2024 00:38:11.358,1.74885,1.7485400000000002,220,120
24.06.2024 00:38:15.479,1.74885,1.7485700000000002,220,120
24.06.2024 00:38:21.314,1.74883,1.74856,220,120
24.06.2024 00:38:29.208,1.7488599999999999,1.74853,220,120
24.06.2024 00:38:29.763,1.74885,1.7485700000000002,220,120
24.06.2024 00:38:30.418,1.74888,1.74856,450,120
24.06.2024 00:38:30.973,1.7488900000000003,1.74856,220,120
24.06.2024 00:38:36.708,1.74888,1.74858,220,120
24.06.2024 00:38:39.977,1.7488599999999999,1.74858,220,120
24.06.2024 00:38:54.404,1.7488599999999999,1.74853,220,120
24.06.2024 00:38:56.066,1.74885,1.74853,450,120
24.06.2024 00:38:56.872,1.7488599999999999,1.7485400000000002,450,120
24.06.2024 00:39:00.092,1.7488400000000002,1.74855,450,120
24.06.2024 00:39:00.647,1.7488400000000002,1.74852,450,310
24.06.2024 00:39:01.254,1.7488200000000003,1.74852,450,310
24.06.2024 00:39:01.355,1.7487900000000003,1.74852,220,120
24.06.2024 00:39:04.476,1.7487900000000003,1.7484900000000003,220,120
24.06.2024 00:39:04.881,1.7487900000000003,1.74846,220,120
24.06.2024 00:39:05.185,1.7487900000000003,1.74852,220,120
24.06.2024 00:39:06.378,1.7488000000000001,1.7484900000000003,220,120
24.06.2024 00:39:06.582,1.7488400000000002,1.7484900000000003,670,120
24.06.2024 00:39:07.644,1.74881,1.7485000000000002,450,120
24.06.2024 00:39:08.451,1.74881,1.74853,450,120
24.06.2024 00:39:08.653,1.7488599999999999,1.74853,220,120
24.06.2024 00:39:08.906,1.7488700000000001,1.7486400000000002,450,120
24.06.2024 00:39:09.008,1.74895,1.7486900000000003,450,120
24.06.2024 00:39:09.109,1.74901,1.74868,220,120
24.06.2024 00:39:10.067,1.74901,1.7486599999999999,220,120
24.06.2024 00:39:10.773,1.7489900000000003,1.7486700000000002,450,120
24.06.2024 00:39:11.780,1.749,1.7486700000000002,670,120
24.06.2024 00:39:12.788,1.7489900000000003,1.7486700000000002,450,120
24.06.2024 00:39:13.140,1.749,1.7486700000000002,450,220
24.06.2024 00:39:13.241,1.74898,1.7486700000000002,220,120
24.06.2024 00:39:14.198,1.7489599999999998,1.7486400000000002,900,120
24.06.2024 00:39:15.104,1.74895,1.7486400000000002,450,120
24.06.2024 00:39:15.256,1.74893,1.74863,220,120
24.06.2024 00:39:15.307,1.74895,1.7486400000000002,450,310
24.06.2024 00:39:16.114,1.74898,1.74863,450,310
24.06.2024 00:39:17.072,1.7489900000000003,1.7486400000000002,220,310
24.06.2024 00:39:17.575,1.749,1.7486599999999999,220,120
24.06.2024 00:39:24.977,1.7489700000000001,1.7486700000000002,220,120
24.06.2024 00:39:28.950,1.749,1.7486599999999999,220,120
24.06.2024 00:39:32.371,1.7489900000000003,1.7486400000000002,1120,310
24.06.2024 00:39:33.128,1.749,1.74868,670,120
24.06.2024 00:39:33.631,1.74903,1.7487000000000001,450,220
24.06.2024 00:39:35.290,1.74901,1.7487000000000001,450,220
24.06.2024 00:39:40.413,1.749,1.7486700000000002,220,120
24.06.2024 00:39:42.480,1.74898,1.7486599999999999,220,120
24.06.2024 00:40:00.241,1.7489700000000001,1.74868,670,120
24.06.2024 00:40:00.342,1.7489700000000001,1.7486700000000002,450,120
24.06.2024 00:40:08.896,1.7489599999999998,1.7486700000000002,220,120
24.06.2024 00:40:12.865,1.7489900000000003,1.7486599999999999,450,120
24.06.2024 00:40:14.176,1.7489700000000001,1.7486700000000002,450,120
24.06.2024 00:40:15.183,1.74898,1.7486700000000002,900,120
24.06.2024 00:40:17.199,1.7489900000000003,1.74872,900,120
24.06.2024 00:40:17.301,1.74908,1.74872,450,120
24.06.2024 00:40:18.309,1.7490900000000003,1.74872,450,120
24.06.2024 00:40:19.316,1.7490700000000001,1.7487300000000001,450,120
24.06.2024 00:40:21.482,1.7490599999999998,1.7487300000000001,1120,120
24.06.2024 00:40:21.584,1.7490599999999998,1.74871,1120,220
24.06.2024 00:40:21.635,1.7490200000000002,1.7486900000000003,220,120
24.06.2024 00:40:21.738,1.74898,1.7486599999999999,220,120
24.06.2024 00:40:22.241,1.7489900000000003,1.7486599999999999,450,120
24.06.2024 00:40:23.195,1.74898,1.7486599999999999,450,120
24.06.2024 00:40:24.754,1.74898,1.74865,450,120
24.06.2024 00:40:25.459,1.7489700000000001,1.74865,450,120
24.06.2024 00:40:25.560,1.74898,1.7486599999999999,900,120
24.06.2024 00:40:26.368,1.7489700000000001,1.7486599999999999,450,120
24.06.2024 00:40:34.670,1.7489700000000001,1.74865,450,220
24.06.2024 00:40:34.724,1.74895,1.74863,220,120
24.06.2024 00:40:34.825,1.7489700000000001,1.7486700000000002,900,120
24.06.2024 00:40:34.880,1.7489400000000002,1.74861,220,120
24.06.2024 00:40:37.047,1.74893,1.7486000000000002,220,120
24.06.2024 00:40:39.264,1.74895,1.7485900000000003,670,120
24.06.2024 00:40:40.173,1.7489400000000002,1.74861,1120,120
24.06.2024 00:40:40.224,1.74891,1.7486599999999999,220,120
24.06.2024 00:40:40.275,1.7489400000000002,1.74865,900,120
24.06.2024 00:40:40.326,1.7489599999999998,1.74865,450,120
24.06.2024 00:40:40.427,1.7489599999999998,1.7486599999999999,220,120
24.06.2024 00:40:44.861,1.7489400000000002,1.7486599999999999,220,120
24.06.2024 00:40:49.439,1.7489400000000002,1.74868,220,120
24.06.2024 00:40:49.490,1.7489900000000003,1.7486700000000002,450,120
24.06.2024 00:40:49.592,1.7489900000000003,1.74868,450,220
24.06.2024 00:40:50.801,1.7490200000000002,1.74868,900,220
24.06.2024 00:40:51.255,1.749,1.7486900000000003,450,220
24.06.2024 00:40:53.871,1.7490200000000002,1.74868,900,220
24.06.2024 00:40:53.972,1.74901,1.74868,450,220
24.06.2024 00:40:55.181,1.74901,1.7486900000000003,900,220
24.06.2024 00:40:56.641,1.74901,1.7487300000000001,450,220
24.06.2024 00:40:56.844,1.7490700000000001,1.74872,220,310
24.06.2024 00:40:56.896,1.7490700000000001,1.7487700000000002,220,120
24.06.2024 00:40:57.249,1.7490599999999998,1.7487700000000002,450,120
24.06.2024 00:40:57.652,1.7490700000000001,1.7487700000000002,220,120
24.06.2024 00:40:57.854,1.7490700000000001,1.7487599999999999,450,120
24.06.2024 00:41:00.669,1.7490700000000001,1.7487300000000001,450,120
24.06.2024 00:41:00.973,1.7490599999999998,1.7487300000000001,1350,220
24.06.2024 00:41:01.276,1.74903,1.74872,450,220
24.06.2024 00:41:02.284,1.74903,1.7487300000000001,900,220
24.06.2024 00:41:02.738,1.74903,1.74872,450,220
24.06.2024 00:41:04.951,1.74903,1.74871,900,310
24.06.2024 00:41:05.153,1.74901,1.74868,220,120
24.06.2024 00:41:08.475,1.749,1.74872,220,120
24.06.2024 00:41:09.332,1.74898,1.7486900000000003,220,120
24.06.2024 00:41:09.433,1.749,1.7486400000000002,220,310
24.06.2024 00:41:10.341,1.7489900000000003,1.74868,220,120
24.06.2024 00:41:10.996,1.7489900000000003,1.74865,220,310
24.06.2024 00:41:11.299,1.7489900000000003,1.7486400000000002,450,310
24.06.2024 00:41:13.062,1.7489700000000001,1.74863,220,120
24.06.2024 00:41:13.113,1.74895,1.74862,220,120
24.06.2024 00:41:13.718,1.7489400000000002,1.74862,450,120
24.06.2024 00:41:14.774,1.74893,1.7486400000000002,450,120
24.06.2024 00:41:14.876,1.74895,1.74863,1120,120
24.06.2024 00:41:15.278,1.74893,1.7486400000000002,450,120
24.06.2024 00:41:15.479,1.7489400000000002,1.7486400000000002,1120,120
24.06.2024 00:41:16.536,1.74895,1.7486599999999999,450,120
24.06.2024 00:41:17.343,1.7489700000000001,1.7486599999999999,450,120
24.06.2024 00:41:21.310,1.74895,1.7486700000000002,450,120
24.06.2024 00:41:27.091,1.7489400000000002,1.7486700000000002,450,120
24.06.2024 00:41:28.147,1.7489400000000002,1.74863,450,310
24.06.2024 00:41:30.208,1.74895,1.7486400000000002,450,120
24.06.2024 00:41:30.376,1.74898,1.7486400000000002,450,120
24.06.2024 00:41:30.528,1.74898,1.74865,220,120
24.06.2024 00:41:32.744,1.7489900000000003,1.7487000000000001,220,120
24.06.2024 00:41:32.845,1.7490400000000002,1.74871,1120,120
24.06.2024 00:41:32.947,1.74905,1.74872,450,220
24.06.2024 00:41:33.149,1.7490599999999998,1.74872,670,220
24.06.2024 00:41:34.909,1.74905,1.74872,450,220
24.06.2024 00:41:35.162,1.7490400000000002,1.74872,220,120
24.06.2024 00:41:35.213,1.7490599999999998,1.74872,670,120
24.06.2024 00:41:35.263,1.74903,1.7487300000000001,220,120
24.06.2024 00:41:35.516,1.74903,1.7487000000000001,670,120
24.06.2024 00:41:40.146,1.74905,1.7486900000000003,670,120
24.06.2024 00:41:44.975,1.7490400000000002,1.74875,220,120
24.06.2024 00:41:45.079,1.74905,1.74875,450,120
24.06.2024 00:41:45.433,1.74905,1.74872,450,310
24.06.2024 00:41:45.585,1.74905,1.74871,220,120
24.06.2024 00:41:48.001,1.7490400000000002,1.7486900000000003,670,310
24.06.2024 00:41:48.253,1.7490400000000002,1.74868,900,120
24.06.2024 00:41:48.355,1.7490400000000002,1.7486900000000003,1570.0001,120
24.06.2024 00:41:48.657,1.74895,1.7486900000000003,220,120
24.06.2024 00:41:48.708,1.74895,1.74863,220,120
24.06.2024 00:41:51.577,1.7489599999999998,1.74861,220,120
24.06.2024 00:41:52.987,1.7489700000000001,1.74861,450,310
24.06.2024 00:41:54.295,1.7489599999999998,1.74865,900,120
24.06.2024 00:41:55.403,1.7489700000000001,1.74865,1120,120
24.06.2024 00:41:56.108,1.74895,1.74862,220,120
24.06.2024 00:41:58.071,1.74898,1.7486900000000003,450,120
24.06.2024 00:41:58.172,1.7489900000000003,1.7486900000000003,450,120
24.06.2024 00:41:59.733,1.7489900000000003,1.74872,450,120
24.06.2024 00:42:00.188,1.7490200000000002,1.74871,220,120
24.06.2024 00:42:03.258,1.74901,1.7486900000000003,220,120
24.06.2024 00:42:08.343,1.74901,1.74871,670,120
24.06.2024 00:42:09.150,1.7490200000000002,1.74871,450,120
24.06.2024 00:42:10.106,1.74901,1.74871,220,120
24.06.2024 00:42:11.165,1.749,1.74871,450,120
24.06.2024 00:42:14.286,1.7490200000000002,1.7487000000000001,670,120
24.06.2024 00:42:14.739,1.74901,1.74868,670,120
24.06.2024 00:42:15.345,1.74901,1.7486700000000002,450,120
24.06.2024 00:42:18.543,1.74895,1.7486400000000002,220,120
24.06.2024 00:42:20.357,1.74898,1.7486400000000002,220,120
24.06.2024 00:42:20.660,1.74898,1.7486599999999999,220,120
24.06.2024 00:42:21.465,1.7489599999999998,1.7486700000000002,450,120
24.06.2024 00:42:21.820,1.7489700000000001,1.7486900000000003,450,120
24.06.2024 00:42:22.474,1.74898,1.7486900000000003,220,120
24.06.2024 00:42:24.534,1.7489700000000001,1.7486900000000003,220,120
24.06.2024 00:42:28.055,1.7489599999999998,1.74868,220,120
24.06.2024 00:42:33.536,1.7489700000000001,1.74868,220,120
24.06.2024 00:42:42.585,1.749,1.7486599999999999,670,220
24.06.2024 00:42:43.242,1.7489700000000001,1.74865,220,120
24.06.2024 00:42:46.915,1.7489700000000001,1.74868,220,120
24.06.2024 00:42:50.030,1.74898,1.7486400000000002,220,120
24.06.2024 00:42:52.593,1.7489700000000001,1.74868,220,120
24.06.2024 00:42:52.846,1.74898,1.74868,450,120
24.06.2024 00:42:54.606,1.74901,1.7486700000000002,220,120
24.06.2024 00:43:00.081,1.74901,1.7487000000000001,220,120
24.06.2024 00:43:01.089,1.74901,1.74865,220,220
24.06.2024 00:43:02.096,1.749,1.74868,220,120
24.06.2024 00:43:05.565,1.7489900000000003,1.74868,450,120
24.06.2024 00:43:07.578,1.749,1.74868,670,120
24.06.2024 00:43:11.149,1.749,1.7486599999999999,670,220
24.06.2024 00:43:11.351,1.7489900000000003,1.7486599999999999,450,220
24.06.2024 00:43:11.604,1.749,1.7486599999999999,900,120
24.06.2024 00:43:13.565,1.7489900000000003,1.74865,450,220
24.06.2024 00:43:13.667,1.7489400000000002,1.7485700000000002,220,310
24.06.2024 00:43:13.718,1.7489599999999998,1.7485900000000003,1120,220
24.06.2024 00:43:13.819,1.7489000000000001,1.7485900000000003,450,220
24.06.2024 00:43:14.173,1.7488900000000003,1.74858,450,310
24.06.2024 00:43:14.626,1.7488900000000003,1.74861,450,120
24.06.2024 00:43:14.777,1.74891,1.7486000000000002,450,120
24.06.2024 00:43:18.097,1.7489000000000001,1.7485900000000003,670,120
24.06.2024 00:43:18.199,1.7488599999999999,1.7485400000000002,220,120
24.06.2024 00:43:20.222,1.74885,1.7485400000000002,900,120
24.06.2024 00:43:20.323,1.7488700000000001,1.74853,1570.0001,120
24.06.2024 00:43:20.374,1.7488400000000002,1.74853,450,120
24.06.2024 00:43:20.625,1.74883,1.74853,450,120
24.06.2024 00:43:23.541,1.7488400000000002,1.74853,450,120
24.06.2024 00:43:24.599,1.7488400000000002,1.74852,450,120
24.06.2024 00:43:26.611,1.74885,1.74852,450,120
24.06.2024 00:43:27.569,1.7488400000000002,1.74852,450,120
24.06.2024 00:43:28.576,1.7488200000000003,1.74853,450,120
24.06.2024 00:43:32.540,1.74883,1.74853,450,120
24.06.2024 00:43:32.642,1.74885,1.74853,670,120
24.06.2024 00:43:35.457,1.7488599999999999,1.74868,450,120
24.06.2024 00:43:35.509,1.7488900000000003,1.74868,450,120
24.06.2024 00:43:35.610,1.7490200000000002,1.7486900000000003,220,120
24.06.2024 00:43:35.661,1.74903,1.7487300000000001,220,120
24.06.2024 00:43:38.029,1.74905,1.7487300000000001,220,120
24.06.2024 00:43:39.088,1.74903,1.7487400000000002,450,120
24.06.2024 00:43:39.492,1.74901,1.7486900000000003,220,120
24.06.2024 00:43:42.463,1.7489700000000001,1.7486900000000003,220,120
24.06.2024 00:43:42.514,1.74898,1.7486400000000002,220,120
24.06.2024 00:43:42.616,1.7489599999999998,1.74865,900,120
24.06.2024 00:43:42.667,1.7489599999999998,1.74862,900,220
24.06.2024 00:43:42.819,1.7489200000000003,1.7486000000000002,220,120
24.06.2024 00:43:44.932,1.7489200000000003,1.74863,220,120
24.06.2024 00:43:45.235,1.74893,1.7485900000000003,220,120
24.06.2024 00:43:46.945,1.7489200000000003,1.7485900000000003,220,120
24.06.2024 00:43:47.499,1.74891,1.74863,220,120
24.06.2024 00:43:49.358,1.7489700000000001,1.74865,900,120
24.06.2024 00:43:49.661,1.74898,1.7486599999999999,670,120
24.06.2024 00:43:50.177,1.74898,1.74872,450,120
24.06.2024 00:43:50.633,1.74903,1.74872,450,120
24.06.2024 00:43:52.642,1.7490400000000002,1.74872,450,120
24.06.2024 00:43:57.361,1.74905,1.74868,450,310
24.06.2024 00:43:57.714,1.749,1.74868,220,120
24.06.2024 00:43:57.866,1.7490400000000002,1.74871,670,120
24.06.2024 00:43:58.774,1.7490400000000002,1.7487400000000002,450,120
24.06.2024 00:43:58.876,1.7490700000000001,1.7487900000000003,450,120
24.06.2024 00:43:58.927,1.7490900000000003,1.7487900000000003,450,120
24.06.2024 00:43:59.935,1.74916,1.7487900000000003,900,120
24.06.2024 00:44:02.251,1.74913,1.7488000000000001,220,120
24.06.2024 00:44:04.916,1.7491400000000001,1.7488000000000001,220,120
24.06.2024 00:44:06.978,1.7491200000000002,1.7487900000000003,220,120
24.06.2024 00:44:11.397,1.74911,1.7488200000000003,220,120
24.06.2024 00:44:11.499,1.74911,1.7487700000000002,220,120
24.06.2024 00:44:12.659,1.7491200000000002,1.74878,220,120
24.06.2024 00:44:13.363,1.7491,1.74878,450,120
24.06.2024 00:44:13.665,1.7490900000000003,1.7487700000000002,450,120
24.06.2024 00:44:14.370,1.7491,1.7487700000000002,450,120
24.06.2024 00:44:15.377,1.74911,1.7487700000000002,670,120
24.06.2024 00:44:15.981,1.74911,1.74878,450,220
24.06.2024 00:44:16.384,1.7490900000000003,1.74878,450,220
24.06.2024 00:44:16.486,1.74908,1.7487599999999999,220,120
24.06.2024 00:44:24.981,1.7490700000000001,1.7487599999999999,220,120
24.06.2024 00:44:32.279,1.7490700000000001,1.74872,220,120
24.06.2024 00:44:32.330,1.749,1.7487300000000001,220,120
24.06.2024 00:44:32.431,1.749,1.7486700000000002,220,120
24.06.2024 00:44:32.482,1.7489599999999998,1.7486700000000002,220,120
24.06.2024 00:44:32.584,1.7489599999999998,1.74871,220,120
24.06.2024 00:44:32.635,1.74903,1.74871,900,120
24.06.2024 00:44:32.736,1.74905,1.7487000000000001,220,120
24.06.2024 00:44:33.291,1.74905,1.74872,220,120
24.06.2024 00:44:34.750,1.7490400000000002,1.74875,450,120
24.06.2024 00:44:35.106,1.74905,1.74872,450,310
24.06.2024 00:44:35.659,1.7490700000000001,1.7487300000000001,670,310
24.06.2024 00:44:37.268,1.74905,1.74872,220,120
24.06.2024 00:44:39.500,1.74905,1.7486900000000003,220,310
24.06.2024 00:44:41.969,1.7490700000000001,1.74871,670,220
24.06.2024 00:44:48.105,1.7490599999999998,1.74875,220,120
24.06.2024 00:44:50.220,1.7490599999999998,1.7487300000000001,220,120
24.06.2024 00:44:51.580,1.7490599999999998,1.74872,220,220
24.06.2024 00:44:52.185,1.7490599999999998,1.74871,450,220
24.06.2024 00:44:53.844,1.7490599999999998,1.7487300000000001,450,120
24.06.2024 00:44:54.700,1.7490700000000001,1.74871,220,310
24.06.2024 00:44:55.054,1.74905,1.74872,900,310
24.06.2024 00:44:55.608,1.7490200000000002,1.74872,220,120
24.06.2024 00:44:56.114,1.7490400000000002,1.7487300000000001,220,120
24.06.2024 00:44:56.215,1.7490599999999998,1.74872,1350,120
24.06.2024 00:44:56.719,1.74905,1.7487599999999999,450,220
24.06.2024 00:44:56.770,1.7490900000000003,1.7487599999999999,450,220
24.06.2024 00:44:56.871,1.74911,1.74875,670,220
24.06.2024 00:44:58.986,1.7490900000000003,1.7487599999999999,900,220
24.06.2024 00:44:59.188,1.74908,1.7487599999999999,450,220
24.06.2024 00:44:59.792,1.74908,1.74875,450,220
24.06.2024 00:44:59.994,1.7490599999999998,1.7487300000000001,220,120
24.06.2024 00:45:01.104,1.7490700000000001,1.7487300000000001,220,120
24.06.2024 00:45:01.811,1.74905,1.7487400000000002,450,120
24.06.2024 00:45:01.912,1.74905,1.74871,450,310
24.06.2024 00:45:02.013,1.74903,1.74871,220,120
24.06.2024 00:45:03.119,1.74903,1.7487400000000002,220,120
24.06.2024 00:45:06.795,1.7490200000000002,1.7487300000000001,220,120
24.06.2024 00:45:06.846,1.74908,1.74875,450,120
24.06.2024 00:45:07.804,1.7490900000000003,1.7487599999999999,670,120
24.06.2024 00:45:08.057,1.7490700000000001,1.7487599999999999,450,120
24.06.2024 00:45:09.266,1.7490900000000003,1.74875,450,120
24.06.2024 00:45:09.819,1.7490700000000001,1.7487599999999999,450,120
24.06.2024 00:45:13.994,1.7490700000000001,1.7487900000000003,450,120
24.06.2024 00:45:14.096,1.74915,1.7488400000000002,450,120
24.06.2024 00:45:14.198,1.74916,1.7488400000000002,450,120
24.06.2024 00:45:14.451,1.74915,1.7488599999999999,450,220
24.06.2024 00:45:15.104,1.7491900000000002,1.7488599999999999,900,220
24.06.2024 00:45:17.419,1.7492,1.7488599999999999,670,220
24.06.2024 00:45:18.376,1.74921,1.7488599999999999,1570.0001,120
24.06.2024 00:45:19.083,1.7491900000000002,1.7488700000000001,450,120
24.06.2024 00:45:19.487,1.7492,1.7488700000000001,1120,120
24.06.2024 00:45:21.147,1.7492,1.7488599999999999,900,120
24.06.2024 00:45:23.067,1.74915,1.7488000000000001,220,120
24.06.2024 00:45:23.471,1.7491400000000001,1.7488000000000001,220,120
24.06.2024 00:45:28.414,1.74913,1.7488400000000002,220,120
24.06.2024 00:45:28.565,1.7491900000000002,1.7488599999999999,450,220
24.06.2024 00:45:28.666,1.74921,1.74885,670,220
24.06.2024 00:45:29.270,1.74921,1.74883,450,120
