Gmt time,Ask,Bid,AskVolume,BidVolume
24.06.2024 06:11:30.827,35.20365,35.155550000000005,900,900
24.06.2024 06:11:31.330,35.20365,35.16075,900,900
24.06.2024 06:11:32.133,35.203250000000004,35.153670000000005,900,900
24.06.2024 06:11:32.185,35.203250000000004,35.15639,900,900
24.06.2024 06:11:32.488,35.20391,35.155550000000005,900,900
24.06.2024 06:11:32.539,35.20391,35.15475,900,900
24.06.2024 06:11:32.591,35.20251,35.15475,900,900
24.06.2024 06:11:32.642,35.20251,35.15355,900,900
24.06.2024 06:11:32.743,35.20251,35.15435,900,900
24.06.2024 06:11:32.844,35.20291,35.15435,900,900
24.06.2024 06:19:35.207,35.20962,35.16061,900,900
24.06.2024 06:19:52.159,35.19421,35.14715,450,900
24.06.2024 06:19:52.260,35.19421,35.14795,450,900
24.06.2024 06:19:52.361,35.19421,35.14713,450,900
24.06.2024 06:19:52.462,35.19421,35.14795,450,900
24.06.2024 06:19:53.364,35.19421,35.14715,450,900
24.06.2024 06:19:53.465,35.19421,35.14795,450,900
24.06.2024 06:19:53.566,35.19418,35.14795,450,900
24.06.2024 06:19:53.667,35.19418,35.14875,450,900
24.06.2024 06:19:53.918,35.19418,35.14795,450,900
24.06.2024 06:19:54.820,35.19418,35.14929,450,900
24.06.2024 06:19:54.921,35.19418,35.15097,450,900
24.06.2024 06:19:56.025,35.19418,35.14795,450,900
24.06.2024 06:19:58.782,35.19418,35.14809,450,900
24.06.2024 06:19:58.884,35.19418,35.14915,450,900
24.06.2024 06:20:00.788,35.19418,35.148390000000006,450,900
24.06.2024 06:20:02.245,35.19661,35.148990000000005,900,900
24.06.2024 06:20:02.345,35.19661,35.148390000000006,900,900
24.06.2024 06:20:02.547,35.19661,35.14915,1350,900
24.06.2024 06:20:02.899,35.19631,35.14915,900,900
24.06.2024 06:20:03.050,35.19631,35.15075,900,900
24.06.2024 06:20:03.151,35.19626,35.15075,450,900
24.06.2024 06:20:03.453,35.19626,35.14915,450,900
24.06.2024 06:20:03.604,35.19626,35.15209,450,900
24.06.2024 06:20:03.956,35.195570000000004,35.15209,450,900
24.06.2024 06:20:04.732,35.195570000000004,35.149550000000005,450,900
24.06.2024 06:20:04.882,35.195570000000004,35.148790000000005,450,900
24.06.2024 06:20:04.983,35.195570000000004,35.149550000000005,450,900
24.06.2024 06:20:05.385,35.195570000000004,35.15039,450,900
24.06.2024 06:20:05.486,35.195570000000004,35.15075,450,900
24.06.2024 06:20:06.488,35.195570000000004,35.15115,450,900
24.06.2024 06:20:06.589,35.195570000000004,35.14896,450,900
24.06.2024 06:20:06.690,35.195570000000004,35.149950000000004,450,900
24.06.2024 06:20:07.394,35.194840000000006,35.149950000000004,450,900
24.06.2024 06:20:07.595,35.194840000000006,35.149390000000004,450,900
24.06.2024 06:20:08.297,35.194840000000006,35.150490000000005,450,900
24.06.2024 06:20:08.448,35.194840000000006,35.15115,450,900
24.06.2024 06:20:09.150,35.194840000000006,35.15155,450,900
24.06.2024 06:20:09.451,35.194840000000006,35.149550000000005,450,900
24.06.2024 06:20:09.552,35.194840000000006,35.149950000000004,450,900
24.06.2024 06:20:09.653,35.194840000000006,35.15099000000001,450,900
24.06.2024 06:20:09.754,35.194840000000006,35.15195,450,900
24.06.2024 06:20:10.757,35.194840000000006,35.149390000000004,450,900
24.06.2024 06:20:10.858,35.194840000000006,35.149550000000005,450,1350
24.06.2024 06:20:11.410,35.194840000000006,35.15099000000001,450,900
24.06.2024 06:20:11.511,35.194840000000006,35.15155,450,900
24.06.2024 06:20:12.013,35.194840000000006,35.149390000000004,450,900
24.06.2024 06:20:12.113,35.194840000000006,35.149950000000004,450,900
24.06.2024 06:20:13.215,35.194840000000006,35.149550000000005,450,900
24.06.2024 06:20:14.367,35.194840000000006,35.149950000000004,450,900
24.06.2024 06:20:14.468,35.194840000000006,35.15099000000001,450,900
24.06.2024 06:20:14.569,35.194840000000006,35.15155,450,900
24.06.2024 06:20:15.571,35.194840000000006,35.150490000000005,450,900
24.06.2024 06:20:15.672,35.194840000000006,35.15155,450,900
24.06.2024 06:20:16.023,35.194840000000006,35.15359,450,900
24.06.2024 06:20:16.074,35.194840000000006,35.15155,450,900
24.06.2024 06:20:16.125,35.194840000000006,35.149950000000004,450,900
24.06.2024 06:20:17.228,35.194840000000006,35.149550000000005,450,900
24.06.2024 06:20:17.329,35.194840000000006,35.149390000000004,450,900
24.06.2024 06:20:17.931,35.194840000000006,35.149550000000005,450,1350
24.06.2024 06:20:18.031,35.194840000000006,35.149390000000004,450,900
24.06.2024 06:20:18.133,35.194840000000006,35.149550000000005,450,1350
24.06.2024 06:20:18.284,35.194840000000006,35.150490000000005,450,900
24.06.2024 06:20:18.435,35.194840000000006,35.15155,450,900
24.06.2024 06:20:19.239,35.194840000000006,35.149950000000004,450,900
24.06.2024 06:20:19.289,35.194840000000006,35.15272,450,900
24.06.2024 06:20:20.444,35.194840000000006,35.14915,450,900
24.06.2024 06:20:20.545,35.194840000000006,35.14979,450,900
24.06.2024 06:20:20.696,35.194840000000006,35.15075,450,900
24.06.2024 06:20:20.797,35.194840000000006,35.15035,450,900
24.06.2024 06:20:21.098,35.194840000000006,35.15075,450,900
24.06.2024 06:20:21.449,35.194840000000006,35.152409999999996,450,900
24.06.2024 06:20:21.700,35.19541,35.14779,900,900
24.06.2024 06:20:21.801,35.19362,35.14779,450,900
24.06.2024 06:20:23.606,35.19362,35.14809,450,900
24.06.2024 06:20:23.907,35.19362,35.14755,450,900
24.06.2024 06:20:23.958,35.19362,35.14869,450,900
24.06.2024 06:20:24.059,35.19362,35.14909,450,900
24.06.2024 06:20:24.160,35.19362,35.14713,450,900
24.06.2024 06:20:24.211,35.19362,35.14909,450,900
24.06.2024 06:20:24.813,35.19362,35.149390000000004,450,900
24.06.2024 06:20:24.914,35.194970000000005,35.149390000000004,450,900
24.06.2024 06:20:25.567,35.194970000000005,35.147400000000005,450,900
24.06.2024 06:20:25.618,35.194970000000005,35.148790000000005,450,900
24.06.2024 06:20:25.869,35.194970000000005,35.14869,450,900
24.06.2024 06:20:30.686,35.194970000000005,35.14909,450,900
24.06.2024 06:20:30.787,35.194970000000005,35.14915,450,2250
24.06.2024 06:20:31.089,35.194970000000005,35.149390000000004,450,900
24.06.2024 06:20:31.440,35.194970000000005,35.149550000000005,450,900
24.06.2024 06:20:32.544,35.19508,35.149550000000005,450,900
24.06.2024 06:20:33.346,35.19301,35.149550000000005,450,900
24.06.2024 06:20:33.447,35.19161,35.149550000000005,450,900
24.06.2024 06:20:33.648,35.191590000000005,35.149550000000005,450,900
24.06.2024 06:20:33.748,35.191570000000006,35.149550000000005,450,900
24.06.2024 06:20:33.949,35.191590000000005,35.149550000000005,450,900
24.06.2024 06:20:34.050,35.19158,35.149550000000005,450,900
24.06.2024 06:20:34.152,35.19441,35.149550000000005,450,900
24.06.2024 06:20:34.253,35.19506,35.149550000000005,450,900
24.06.2024 06:20:34.354,35.19303,35.149550000000005,450,900
24.06.2024 06:20:34.505,35.1914,35.149550000000005,450,900
24.06.2024 06:20:34.657,35.1914,35.149390000000004,450,900
24.06.2024 06:20:36.011,35.19493,35.149390000000004,450,900
24.06.2024 06:20:36.212,35.191390000000006,35.149390000000004,450,900
24.06.2024 06:20:36.313,35.1912,35.149390000000004,450,900
24.06.2024 06:20:36.950,35.1912,35.14979,450,900
24.06.2024 06:20:37.101,35.19496,35.15075,450,900
24.06.2024 06:20:38.105,35.19496,35.15039,450,900
24.06.2024 06:20:38.206,35.19252,35.15039,450,900
24.06.2024 06:20:38.307,35.19212,35.15039,450,900
24.06.2024 06:20:38.909,35.19212,35.150690000000004,450,900
24.06.2024 06:20:39.010,35.19212,35.15075,450,2250
24.06.2024 06:20:39.111,35.19212,35.150690000000004,450,900
24.06.2024 06:20:39.313,35.192280000000004,35.150690000000004,450,900
24.06.2024 06:20:40.366,35.192280000000004,35.15035,450,1800
24.06.2024 06:20:40.417,35.192280000000004,35.15039,450,900
24.06.2024 06:20:40.467,35.19335,35.15039,450,900
24.06.2024 06:20:40.568,35.19169,35.15039,450,900
24.06.2024 06:20:40.870,35.19162,35.15039,450,900
24.06.2024 06:20:41.422,35.19162,35.150690000000004,450,900
24.06.2024 06:20:41.524,35.19187,35.15109,450,900
24.06.2024 06:20:41.675,35.192170000000004,35.15109,450,900
24.06.2024 06:20:41.876,35.192170000000004,35.15195,450,900
24.06.2024 06:20:42.077,35.192280000000004,35.15109,450,900
24.06.2024 06:20:42.178,35.19227,35.15109,450,900
24.06.2024 06:20:42.280,35.19573,35.15115,450,900
24.06.2024 06:20:42.381,35.195,35.15115,450,1350
24.06.2024 06:20:42.482,35.19571,35.15109,450,900
24.06.2024 06:20:42.884,35.192350000000005,35.15109,450,900
24.06.2024 06:20:42.985,35.19568,35.15109,450,900
24.06.2024 06:20:43.086,35.19202,35.15109,450,900
24.06.2024 06:20:43.187,35.192,35.15109,450,900
24.06.2024 06:20:43.287,35.19226,35.15109,450,900
24.06.2024 06:20:43.338,35.19226,35.151990000000005,450,900
24.06.2024 06:20:43.489,35.192,35.151990000000005,450,900
24.06.2024 06:20:43.590,35.19317,35.151990000000005,450,900
24.06.2024 06:20:43.691,35.19288,35.151990000000005,450,900
24.06.2024 06:20:43.892,35.19265,35.151990000000005,450,900
24.06.2024 06:20:43.994,35.19281,35.151990000000005,450,900
24.06.2024 06:20:44.044,35.19281,35.15269000000001,450,900
24.06.2024 06:20:44.095,35.19332,35.15269000000001,450,900
24.06.2024 06:20:44.196,35.19362,35.15269000000001,450,900
24.06.2024 06:20:44.297,35.19357,35.15269000000001,450,900
24.06.2024 06:20:44.599,35.19366,35.15269000000001,450,900
24.06.2024 06:20:44.800,35.19423,35.15395,450,900
24.06.2024 06:20:44.902,35.19717,35.153150000000004,450,900
24.06.2024 06:20:45.003,35.19356,35.153150000000004,450,900
24.06.2024 06:20:45.104,35.19502,35.153150000000004,450,900
24.06.2024 06:20:45.205,35.19362,35.153150000000004,450,900
24.06.2024 06:20:45.306,35.19389,35.153150000000004,450,2250
24.06.2024 06:20:45.607,35.194140000000004,35.153150000000004,450,2250
24.06.2024 06:20:45.758,35.194140000000004,35.153690000000005,450,900
24.06.2024 06:20:45.909,35.1942,35.15395,450,900
24.06.2024 06:20:46.111,35.19422,35.15395,450,900
24.06.2024 06:20:46.162,35.19422,35.15399000000001,450,900
24.06.2024 06:20:46.212,35.19458,35.15415,450,900
24.06.2024 06:20:46.413,35.19458,35.15439000000001,450,900
24.06.2024 06:20:46.514,35.19478,35.15439000000001,450,900
24.06.2024 06:20:46.615,35.19516,35.15439000000001,450,900
24.06.2024 06:20:46.816,35.194970000000005,35.15439000000001,450,900
24.06.2024 06:20:47.018,35.19515,35.15439000000001,450,900
24.06.2024 06:20:47.119,35.19498,35.15415,450,900
24.06.2024 06:20:47.170,35.19498,35.15469,450,900
24.06.2024 06:20:47.321,35.19498,35.15475,450,1350
24.06.2024 06:20:47.472,35.19498,35.15439000000001,450,900
24.06.2024 06:20:47.573,35.19498,35.15515,450,900
24.06.2024 06:20:47.674,35.19545,35.15439000000001,450,900
24.06.2024 06:20:47.725,35.19545,35.15469,450,900
24.06.2024 06:20:47.877,35.19545,35.15475,450,900
24.06.2024 06:20:48.078,35.195240000000005,35.15475,450,900
24.06.2024 06:20:48.579,35.195240000000005,35.15469,450,900
24.06.2024 06:20:48.629,35.195240000000005,35.15603,450,900
24.06.2024 06:20:48.730,35.195240000000005,35.15469,450,900
24.06.2024 06:20:48.881,35.195240000000005,35.15475,450,900
24.06.2024 06:20:49.183,35.195240000000005,35.15415,450,900
24.06.2024 06:20:52.989,35.195240000000005,35.15395,450,2250
24.06.2024 06:20:53.040,35.195240000000005,35.153690000000005,450,900
24.06.2024 06:20:53.291,35.195240000000005,35.153740000000006,450,450
24.06.2024 06:20:53.943,35.195240000000005,35.15339,450,1470
24.06.2024 06:20:54.044,35.195240000000005,35.15339,450,1350
24.06.2024 06:20:54.345,35.195240000000005,35.15355,450,2250
24.06.2024 06:20:55.248,35.195240000000005,35.15339,450,1350
24.06.2024 06:20:55.349,35.195240000000005,35.15355,450,2250
24.06.2024 06:20:55.800,35.195240000000005,35.15339,450,1350
24.06.2024 06:20:55.901,35.195240000000005,35.15355,450,2250
24.06.2024 06:20:57.005,35.195240000000005,35.15339,450,1350
24.06.2024 06:20:57.106,35.195240000000005,35.15299,450,1020
24.06.2024 06:20:57.208,35.19408,35.153150000000004,450,1800
24.06.2024 06:20:57.309,35.19408,35.15299,450,900
24.06.2024 06:20:57.360,35.19408,35.153040000000004,450,450
24.06.2024 06:20:57.611,35.19332,35.153040000000004,450,450
24.06.2024 06:20:57.913,35.19362,35.153040000000004,450,450
24.06.2024 06:20:58.164,35.19362,35.15269000000001,450,1020
24.06.2024 06:20:58.215,35.19362,35.15269000000001,450,900
24.06.2024 06:20:59.118,35.19315,35.151990000000005,450,1020
24.06.2024 06:20:59.219,35.19315,35.152390000000004,450,900
24.06.2024 06:21:00.172,35.19315,35.15269000000001,450,900
24.06.2024 06:21:00.273,35.19315,35.152750000000005,450,900
24.06.2024 06:21:00.474,35.19315,35.15269000000001,450,900
24.06.2024 06:21:00.675,35.19315,35.152750000000005,450,900
24.06.2024 06:21:01.929,35.19315,35.15299,450,900
24.06.2024 06:21:02.081,35.19315,35.153150000000004,450,1350
24.06.2024 06:21:02.483,35.19315,35.153040000000004,450,450
24.06.2024 06:21:02.784,35.19315,35.153150000000004,450,1350
24.06.2024 06:21:03.086,35.19315,35.153040000000004,450,450
24.06.2024 06:21:04.140,35.19315,35.153150000000004,450,1800
24.06.2024 06:21:04.341,35.19315,35.153040000000004,450,450
24.06.2024 06:21:04.993,35.19315,35.15269000000001,450,1020
24.06.2024 06:21:05.144,35.19315,35.15209,450,900
24.06.2024 06:21:05.264,35.19315,35.15235,450,900
24.06.2024 06:21:05.366,35.19315,35.15209,450,900
24.06.2024 06:21:05.567,35.19315,35.15235,450,900
24.06.2024 06:21:06.170,35.19315,35.152390000000004,450,900
24.06.2024 06:21:06.322,35.19315,35.15235,450,3150.0001
24.06.2024 06:21:07.024,35.19315,35.152390000000004,450,900
24.06.2024 06:21:07.225,35.19315,35.15269000000001,450,900
24.06.2024 06:21:07.376,35.19315,35.152750000000005,450,900
24.06.2024 06:21:07.477,35.19315,35.15269000000001,450,900
24.06.2024 06:21:08.479,35.19315,35.15299,450,900
24.06.2024 06:21:08.580,35.19315,35.153150000000004,450,1350
24.06.2024 06:21:08.981,35.19315,35.15299,450,900
24.06.2024 06:21:09.635,35.19315,35.153150000000004,450,1350
24.06.2024 06:21:09.936,35.19315,35.15269000000001,450,900
24.06.2024 06:21:10.037,35.19315,35.152390000000004,450,900
24.06.2024 06:21:11.091,35.19315,35.15269000000001,450,900
24.06.2024 06:21:11.646,35.19315,35.152750000000005,450,2250
24.06.2024 06:21:11.747,35.19315,35.15269000000001,450,900
24.06.2024 06:21:12.050,35.19315,35.152750000000005,450,900
24.06.2024 06:21:12.251,35.19315,35.15269000000001,450,900
24.06.2024 06:21:12.552,35.19315,35.152750000000005,450,2250
24.06.2024 06:21:13.255,35.19315,35.152390000000004,450,900
24.06.2024 06:21:18.172,35.19315,35.15299,450,900
24.06.2024 06:21:18.281,35.19315,35.153150000000004,450,3150.0001
24.06.2024 06:21:18.735,35.19315,35.15339,450,900
24.06.2024 06:21:18.936,35.19315,35.153150000000004,450,1800
24.06.2024 06:21:19.688,35.19315,35.15339,450,900
24.06.2024 06:21:19.789,35.19315,35.15355,450,900
24.06.2024 06:21:20.291,35.19315,35.15299,450,900
24.06.2024 06:21:20.392,35.19315,35.152390000000004,450,900
24.06.2024 06:21:20.443,35.19315,35.15269000000001,450,900
24.06.2024 06:21:20.795,35.19315,35.152750000000005,450,900
24.06.2024 06:21:20.895,35.19315,35.15269000000001,450,900
24.06.2024 06:21:22.854,35.19315,35.152750000000005,450,900
24.06.2024 06:21:22.955,35.19315,35.15269000000001,450,900
24.06.2024 06:21:23.859,35.19315,35.152750000000005,450,900
24.06.2024 06:21:24.211,35.19315,35.15299,450,900
24.06.2024 06:21:24.462,35.19315,35.15339,450,900
24.06.2024 06:21:28.422,35.19315,35.15355,450,900
24.06.2024 06:21:28.724,35.19315,35.15339,450,900
24.06.2024 06:21:29.125,35.19315,35.15355,450,1350
24.06.2024 06:21:29.226,35.194,35.15355,450,1350
24.06.2024 06:21:29.528,35.194,35.15339,450,900
24.06.2024 06:21:29.929,35.194,35.15355,450,900
24.06.2024 06:21:30.130,35.194,35.15339,450,900
24.06.2024 06:21:30.230,35.194,35.15355,450,900
24.06.2024 06:21:30.733,35.194,35.15439000000001,450,900
24.06.2024 06:21:31.085,35.194,35.15444,450,450
24.06.2024 06:21:32.438,35.194,35.15415,450,1020
24.06.2024 06:21:32.589,35.194,35.15415,450,900
24.06.2024 06:21:32.991,35.194,35.153690000000005,450,1020
24.06.2024 06:21:33.092,35.194,35.153690000000005,450,900
24.06.2024 06:21:33.293,35.194,35.153740000000006,450,450
24.06.2024 06:21:34.146,35.194,35.15399000000001,450,900
24.06.2024 06:21:34.248,35.194,35.154990000000005,450,900
24.06.2024 06:21:34.299,35.195190000000004,35.15569000000001,450,900
24.06.2024 06:21:34.399,35.196470000000005,35.155950000000004,450,900
24.06.2024 06:21:34.500,35.196470000000005,35.15599,450,900
24.06.2024 06:21:34.701,35.196470000000005,35.155950000000004,450,900
24.06.2024 06:21:35.102,35.196470000000005,35.15599,450,900
24.06.2024 06:21:35.354,35.196470000000005,35.15619,450,450
24.06.2024 06:21:35.404,35.196470000000005,35.15599,450,1020
24.06.2024 06:21:35.505,35.196470000000005,35.15599,450,900
24.06.2024 06:21:35.706,35.196470000000005,35.15619,450,450
24.06.2024 06:21:36.558,35.196470000000005,35.156290000000006,450,900
24.06.2024 06:21:36.609,35.196470000000005,35.15619,450,450
24.06.2024 06:21:37.260,35.196470000000005,35.156290000000006,450,900
24.06.2024 06:21:37.512,35.196470000000005,35.15654000000001,450,450
24.06.2024 06:21:38.365,35.196470000000005,35.15619,450,570
24.06.2024 06:21:38.467,35.196470000000005,35.15619,450,450
24.06.2024 06:21:39.771,35.196470000000005,35.155840000000005,450,570
24.06.2024 06:21:39.873,35.196470000000005,35.155840000000005,450,450
24.06.2024 06:21:40.024,35.196470000000005,35.156290000000006,450,900
24.06.2024 06:21:40.176,35.196470000000005,35.15599,450,900
24.06.2024 06:21:40.477,35.196470000000005,35.15619,450,450
24.06.2024 06:21:40.528,35.196470000000005,35.15599,450,900
24.06.2024 06:21:40.728,35.196470000000005,35.155840000000005,450,450
24.06.2024 06:21:42.834,35.196470000000005,35.15599,450,900
24.06.2024 06:21:43.236,35.196470000000005,35.15619,450,450
24.06.2024 06:21:44.739,35.196470000000005,35.156290000000006,450,900
24.06.2024 06:21:44.790,35.196470000000005,35.15619,450,450
24.06.2024 06:21:45.142,35.196470000000005,35.156290000000006,450,900
24.06.2024 06:21:45.393,35.196470000000005,35.15654000000001,450,450
24.06.2024 06:21:45.695,35.196470000000005,35.15729,450,900
24.06.2024 06:21:45.745,35.197720000000004,35.15729,450,900
24.06.2024 06:21:46.648,35.197720000000004,35.15699000000001,450,1020
24.06.2024 06:21:46.799,35.197720000000004,35.15699000000001,450,900
24.06.2024 06:21:46.900,35.197720000000004,35.15715,450,900
24.06.2024 06:21:47.101,35.197720000000004,35.15699000000001,450,900
24.06.2024 06:21:47.201,35.197720000000004,35.15715,450,900
24.06.2024 06:21:50.610,35.197720000000004,35.15729,450,900
24.06.2024 06:21:50.861,35.197720000000004,35.15755,450,900
24.06.2024 06:21:52.765,35.197720000000004,35.15729,450,900
24.06.2024 06:21:53.167,35.197720000000004,35.15699000000001,450,1020
24.06.2024 06:21:53.267,35.197720000000004,35.15715,450,900
24.06.2024 06:21:54.070,35.197720000000004,35.15654000000001,450,570
24.06.2024 06:21:54.170,35.197720000000004,35.15654000000001,450,450
24.06.2024 06:21:54.622,35.197720000000004,35.156690000000005,450,900
24.06.2024 06:21:54.874,35.197720000000004,35.156890000000004,450,450
24.06.2024 06:21:54.974,35.197720000000004,35.156690000000005,450,900
24.06.2024 06:21:55.025,35.197720000000004,35.156690000000005,450,1020
24.06.2024 06:21:55.126,35.197720000000004,35.156690000000005,450,900
24.06.2024 06:21:55.177,35.197720000000004,35.156290000000006,450,1020
24.06.2024 06:21:55.328,35.197720000000004,35.156290000000006,450,900
24.06.2024 06:21:55.379,35.197720000000004,35.15599,450,900
24.06.2024 06:21:55.531,35.19657,35.15599,450,900
24.06.2024 06:21:55.632,35.19657,35.15619,450,450
24.06.2024 06:21:57.738,35.19657,35.156690000000005,450,900
24.06.2024 06:21:57.839,35.19657,35.15675,450,1350
24.06.2024 06:21:58.040,35.19657,35.156890000000004,450,450
24.06.2024 06:21:58.141,35.19657,35.15715,450,900
24.06.2024 06:21:58.242,35.19657,35.156890000000004,450,450
24.06.2024 06:21:59.095,35.19657,35.15729,450,900
24.06.2024 06:21:59.146,35.19723,35.15729,450,900
24.06.2024 06:21:59.247,35.197359999999996,35.15795,450,900
24.06.2024 06:21:59.448,35.197359999999996,35.15729,450,900
24.06.2024 06:21:59.549,35.196709999999996,35.15729,450,900
24.06.2024 06:21:59.650,35.19677,35.15795,450,900
24.06.2024 06:21:59.751,35.196850000000005,35.15729,450,900
24.06.2024 06:21:59.852,35.196850000000005,35.15795,450,900
24.06.2024 06:21:59.953,35.196850000000005,35.15729,450,900
24.06.2024 06:22:00.053,35.196850000000005,35.15795,450,900
24.06.2024 06:22:00.154,35.196850000000005,35.15729,450,900
24.06.2024 06:22:00.255,35.196850000000005,35.15795,450,900
24.06.2024 06:22:00.507,35.196850000000005,35.15755,450,900
24.06.2024 06:22:01.310,35.19776,35.1573,450,900
24.06.2024 06:22:01.410,35.19778,35.1573,450,900
24.06.2024 06:22:01.611,35.19751,35.15699000000001,450,900
24.06.2024 06:22:01.712,35.197770000000006,35.15699000000001,450,900
24.06.2024 06:22:01.813,35.197500000000005,35.15699000000001,450,900
24.06.2024 06:22:01.914,35.19778,35.15755,450,900
24.06.2024 06:22:02.015,35.197500000000005,35.15699000000001,450,900
24.06.2024 06:22:02.116,35.197770000000006,35.15755,450,900
24.06.2024 06:22:02.317,35.19753,35.15699000000001,450,900
24.06.2024 06:22:02.417,35.19775,35.15699000000001,450,900
24.06.2024 06:22:02.518,35.19775,35.15755,450,900
24.06.2024 06:22:04.676,35.19775,35.15795,450,900
24.06.2024 06:22:05.077,35.19775,35.15755,450,900
24.06.2024 06:22:05.380,35.19775,35.15599,450,900
24.06.2024 06:22:05.482,35.19645,35.15599,450,900
24.06.2024 06:22:05.535,35.19645,35.155950000000004,450,900
24.06.2024 06:22:06.638,35.19645,35.15599,450,900
24.06.2024 06:22:06.789,35.19645,35.15635,450,900
24.06.2024 06:22:06.890,35.19645,35.15619,450,450
24.06.2024 06:22:08.994,35.19645,35.15729,450,900
24.06.2024 06:22:09.296,35.19645,35.157790000000006,450,900
24.06.2024 06:22:09.448,35.19711,35.15835,450,900
24.06.2024 06:22:10.952,35.1974,35.15835,450,900
24.06.2024 06:22:12.179,35.1974,35.158750000000005,450,900
24.06.2024 06:22:12.683,35.1974,35.15749,450,900
24.06.2024 06:22:12.783,35.1974,35.15835,450,900
24.06.2024 06:22:14.237,35.1974,35.15749,450,900
24.06.2024 06:22:15.890,35.1974,35.15699000000001,450,900
24.06.2024 06:22:15.941,35.1974,35.15749,450,900
24.06.2024 06:22:16.192,35.19717,35.15749,450,900
24.06.2024 06:22:16.293,35.197390000000006,35.15749,450,900
24.06.2024 06:22:16.894,35.197390000000006,35.15699000000001,450,900
24.06.2024 06:22:16.945,35.197390000000006,35.15749,450,900
24.06.2024 06:22:17.297,35.197390000000006,35.15755,450,900
24.06.2024 06:22:18.600,35.19738,35.15749,450,900
24.06.2024 06:22:18.700,35.19727,35.15835,450,900
24.06.2024 06:22:18.801,35.197070000000004,35.15749,450,900
24.06.2024 06:22:18.902,35.19721,35.15835,450,900
24.06.2024 06:22:19.003,35.196850000000005,35.15835,450,900
24.06.2024 06:22:19.104,35.19716,35.15835,450,900
24.06.2024 06:22:19.205,35.1974,35.15835,450,900
24.06.2024 06:22:20.858,35.1974,35.156090000000006,450,1020
24.06.2024 06:22:20.959,35.19617,35.15715,450,900
24.06.2024 06:22:21.162,35.19598,35.155550000000005,450,900
24.06.2024 06:22:21.263,35.19498,35.155550000000005,450,900
24.06.2024 06:22:21.565,35.19498,35.155950000000004,450,900
24.06.2024 06:22:21.767,35.19498,35.15635,450,900
24.06.2024 06:22:21.868,35.19498,35.15579,450,900
24.06.2024 06:22:21.969,35.19498,35.15675,450,900
24.06.2024 06:22:22.170,35.19498,35.155950000000004,450,900
24.06.2024 06:22:22.271,35.19498,35.15635,450,900
24.06.2024 06:22:22.672,35.19498,35.15675,450,900
24.06.2024 06:22:23.073,35.19498,35.155950000000004,450,900
24.06.2024 06:22:23.175,35.19498,35.15635,450,900
24.06.2024 06:22:23.276,35.19498,35.15675,450,900
24.06.2024 06:22:23.477,35.19498,35.15715,450,900
24.06.2024 06:22:23.980,35.19498,35.15635,450,900
24.06.2024 06:22:24.081,35.19498,35.15675,450,900
24.06.2024 06:22:34.814,35.19498,35.15715,450,900
24.06.2024 06:22:35.216,35.19498,35.15675,450,900
24.06.2024 06:22:35.418,35.19558,35.15675,450,900
24.06.2024 06:22:35.519,35.19556,35.15675,450,900
24.06.2024 06:22:35.619,35.19585,35.15675,450,900
24.06.2024 06:22:35.720,35.19578,35.15675,450,900
24.06.2024 06:22:35.821,35.19606,35.15619,450,900
24.06.2024 06:22:35.922,35.19572,35.15635,450,900
24.06.2024 06:22:36.023,35.19641,35.15635,450,900
24.06.2024 06:22:36.324,35.19641,35.15675,450,900
24.06.2024 06:22:36.425,35.19641,35.15589000000001,450,900
24.06.2024 06:22:36.527,35.1961,35.15635,450,900
24.06.2024 06:22:36.628,35.195640000000004,35.15635,450,900
24.06.2024 06:22:36.729,35.19579,35.15579,450,900
24.06.2024 06:22:36.829,35.19529000000001,35.15635,450,900
24.06.2024 06:22:36.930,35.195550000000004,35.15635,450,900
24.06.2024 06:22:37.031,35.1954,35.15635,450,900
24.06.2024 06:22:37.132,35.19543,35.15635,450,900
24.06.2024 06:22:37.234,35.192690000000006,35.15635,450,900
24.06.2024 06:22:37.335,35.19182,35.155550000000005,450,900
24.06.2024 06:22:37.536,35.19182,35.15529,450,900
24.06.2024 06:22:37.586,35.19182,35.15549000000001,450,450
24.06.2024 06:22:37.737,35.19182,35.155950000000004,450,900
24.06.2024 06:22:37.838,35.19343,35.15549000000001,900,450
24.06.2024 06:22:37.939,35.19343,35.155950000000004,900,900
24.06.2024 06:22:38.140,35.19343,35.15549000000001,900,450
24.06.2024 06:22:38.241,35.19343,35.155950000000004,900,900
24.06.2024 06:22:40.095,35.19343,35.154990000000005,900,1020
24.06.2024 06:22:40.196,35.19343,35.15469,900,900
24.06.2024 06:22:40.298,35.19343,35.155190000000005,900,900
24.06.2024 06:22:40.399,35.19297,35.15635,450,900
24.06.2024 06:22:41.002,35.19297,35.155950000000004,450,900
24.06.2024 06:22:41.203,35.19297,35.15715,450,900
24.06.2024 06:22:42.105,35.19341,35.15715,900,900
24.06.2024 06:22:42.206,35.19341,35.15579,900,900
24.06.2024 06:22:42.708,35.19341,35.155190000000005,900,900
24.06.2024 06:22:42.808,35.19341,35.15579,900,900
24.06.2024 06:22:43.210,35.19341,35.15549000000001,900,900
24.06.2024 06:22:43.812,35.19341,35.15579,900,900
24.06.2024 06:22:50.665,35.19195,35.155190000000005,450,900
24.06.2024 06:22:51.068,35.19195,35.155550000000005,450,900
24.06.2024 06:22:51.269,35.19195,35.155190000000005,450,900
24.06.2024 06:22:51.420,35.19195,35.15569000000001,450,900
24.06.2024 06:22:51.571,35.19195,35.15635,450,900
24.06.2024 06:22:51.773,35.19195,35.155550000000005,450,900
24.06.2024 06:22:58.389,35.19195,35.15529,450,900
24.06.2024 06:22:59.394,35.19195,35.15515,450,900
24.06.2024 06:23:01.049,35.19195,35.155950000000004,450,900
24.06.2024 06:23:01.450,35.19195,35.15635,450,900
24.06.2024 06:23:01.651,35.19195,35.155950000000004,450,900
24.06.2024 06:23:02.255,35.19195,35.15515,450,900
24.06.2024 06:23:02.355,35.19195,35.155950000000004,450,900
24.06.2024 06:23:02.857,35.19195,35.15635,450,900
24.06.2024 06:23:02.958,35.19195,35.15529,450,900
24.06.2024 06:23:03.059,35.19195,35.155950000000004,450,900
24.06.2024 06:23:03.460,35.19195,35.15529,450,900
24.06.2024 06:23:03.561,35.19195,35.155950000000004,450,900
24.06.2024 06:23:03.662,35.19195,35.15635,450,900
24.06.2024 06:23:03.863,35.19226,35.15715,450,900
24.06.2024 06:23:04.065,35.19226,35.156290000000006,450,900
24.06.2024 06:23:04.166,35.19226,35.15675,450,900
24.06.2024 06:23:04.367,35.19226,35.15599,450,900
24.06.2024 06:23:04.468,35.19226,35.15635,450,900
24.06.2024 06:23:04.819,35.19226,35.156690000000005,450,900
24.06.2024 06:23:05.321,35.19226,35.15755,450,900
24.06.2024 06:23:05.572,35.19226,35.15715,450,900
24.06.2024 06:23:06.275,35.19226,35.15675,450,900
24.06.2024 06:23:10.585,35.19226,35.15729,450,900
24.06.2024 06:23:10.686,35.19326,35.15729,450,900
24.06.2024 06:23:11.389,35.19326,35.15699000000001,450,900
24.06.2024 06:23:13.645,35.19326,35.15675,450,900
24.06.2024 06:23:17.355,35.19326,35.15715,450,900
24.06.2024 06:23:17.506,35.19326,35.15835,450,900
24.06.2024 06:23:17.557,35.19326,35.15729,450,900
24.06.2024 06:23:17.708,35.19326,35.15795,450,900
24.06.2024 06:23:21.841,35.19353,35.15795,140,900
24.06.2024 06:23:21.992,35.19321,35.15715,450,900
24.06.2024 06:23:22.093,35.19321,35.15755,450,900
24.06.2024 06:23:22.695,35.19321,35.15795,450,900
24.06.2024 06:23:22.896,35.19321,35.15715,450,900
24.06.2024 06:23:22.996,35.19321,35.15795,450,900
24.06.2024 06:23:23.097,35.19321,35.15715,450,900
24.06.2024 06:23:23.198,35.19321,35.15755,450,900
24.06.2024 06:23:23.900,35.19321,35.15795,450,900
24.06.2024 06:23:24.102,35.19321,35.15755,450,900
24.06.2024 06:23:24.202,35.19321,35.15795,450,900
24.06.2024 06:23:24.606,35.193270000000005,35.15795,450,900
24.06.2024 06:23:24.706,35.19207,35.15755,450,900
24.06.2024 06:23:28.217,35.19207,35.15715,450,900
24.06.2024 06:23:28.320,35.191,35.15675,450,900
24.06.2024 06:23:31.479,35.191,35.15715,450,900
24.06.2024 06:23:33.184,35.191,35.15675,450,900
24.06.2024 06:23:36.143,35.191,35.15715,450,900
24.06.2024 06:23:38.900,35.191,35.15729,450,900
24.06.2024 06:23:38.951,35.191,35.15715,450,900
24.06.2024 06:23:39.002,35.191970000000005,35.15755,450,900
24.06.2024 06:23:41.658,35.191970000000005,35.157590000000006,450,900
24.06.2024 06:23:41.759,35.191970000000005,35.158750000000005,450,900
24.06.2024 06:23:42.462,35.191970000000005,35.15835,450,900
24.06.2024 06:23:45.920,35.191970000000005,35.15729,450,900
24.06.2024 06:23:46.020,35.191970000000005,35.15755,450,900
24.06.2024 06:23:46.722,35.191970000000005,35.15835,450,900
24.06.2024 06:23:47.124,35.191970000000005,35.15729,450,900
24.06.2024 06:23:47.225,35.191970000000005,35.15755,450,900
24.06.2024 06:23:47.827,35.191970000000005,35.15729,450,900
24.06.2024 06:23:49.331,35.191970000000005,35.15755,450,900
24.06.2024 06:23:51.486,35.191970000000005,35.15729,450,900
24.06.2024 06:23:53.743,35.191970000000005,35.15755,450,900
24.06.2024 06:23:53.944,35.191970000000005,35.157590000000006,450,900
24.06.2024 06:24:00.311,35.191970000000005,35.15755,450,1800
24.06.2024 06:24:05.010,35.191970000000005,35.156290000000006,450,900
24.06.2024 06:24:05.112,35.191970000000005,35.15635,450,1350
24.06.2024 06:24:05.614,35.191970000000005,35.15599,450,900
24.06.2024 06:24:05.716,35.19095,35.15599,450,900
24.06.2024 06:24:06.018,35.19095,35.156290000000006,450,900
24.06.2024 06:24:06.119,35.19095,35.15635,450,2700
24.06.2024 06:24:06.420,35.19095,35.15599,450,900
24.06.2024 06:24:07.926,35.19095,35.156290000000006,450,900
24.06.2024 06:24:08.077,35.19095,35.15635,450,2700
24.06.2024 06:24:09.783,35.19095,35.156290000000006,450,900
24.06.2024 06:24:09.987,35.19095,35.15635,450,2700
24.06.2024 06:24:10.389,35.19095,35.156690000000005,450,900
24.06.2024 06:24:10.489,35.19202,35.15675,450,1350
24.06.2024 06:24:10.891,35.19202,35.15729,450,900
24.06.2024 06:24:12.444,35.19202,35.15699000000001,450,900
24.06.2024 06:24:17.856,35.19202,35.15715,450,1350
24.06.2024 06:24:17.956,35.19202,35.15699000000001,450,900
24.06.2024 06:24:18.310,35.19202,35.156690000000005,450,900
24.06.2024 06:24:19.163,35.19202,35.15635,450,3150.0001
24.06.2024 06:24:19.464,35.19202,35.156290000000006,450,900
24.06.2024 06:24:19.766,35.19202,35.15635,450,2700
24.06.2024 06:24:21.369,35.19202,35.156690000000005,450,900
24.06.2024 06:24:21.471,35.19202,35.15635,450,2700
24.06.2024 06:24:21.622,35.19095,35.15599,450,900
24.06.2024 06:24:21.974,35.19095,35.156290000000006,450,900
24.06.2024 06:24:22.125,35.19095,35.15635,450,2700
24.06.2024 06:24:22.527,35.19095,35.156490000000005,450,900
24.06.2024 06:24:22.628,35.19095,35.15675,450,1350
24.06.2024 06:24:22.830,35.19195,35.15675,450,1350
24.06.2024 06:24:26.589,35.19195,35.15715,450,1350
24.06.2024 06:24:26.689,35.19195,35.15675,450,1800
24.06.2024 06:24:27.242,35.19195,35.15729,450,900
24.06.2024 06:24:27.343,35.19195,35.15755,450,900
24.06.2024 06:24:27.443,35.19361,35.15755,450,900
24.06.2024 06:24:27.594,35.19361,35.157790000000006,450,900
24.06.2024 06:24:27.696,35.192620000000005,35.15835,450,900
24.06.2024 06:24:27.746,35.192620000000005,35.15729,450,900
24.06.2024 06:24:27.847,35.192620000000005,35.15755,450,900
24.06.2024 06:24:28.500,35.192620000000005,35.157990000000005,450,900
24.06.2024 06:24:28.601,35.192620000000005,35.159890000000004,450,900
24.06.2024 06:24:28.652,35.19348,35.159890000000004,450,900
24.06.2024 06:24:28.752,35.19447,35.16035,450,900
24.06.2024 06:24:28.853,35.19447,35.15955,450,900
24.06.2024 06:24:29.054,35.19447,35.15995,450,900
24.06.2024 06:24:29.156,35.19447,35.15955,450,900
24.06.2024 06:24:29.257,35.19447,35.15995,450,900
24.06.2024 06:24:29.358,35.19447,35.15955,450,900
24.06.2024 06:24:29.960,35.19447,35.159150000000004,450,900
24.06.2024 06:24:31.466,35.19447,35.15955,450,900
24.06.2024 06:24:32.469,35.19447,35.15995,450,900
24.06.2024 06:24:34.727,35.19447,35.15955,450,900
24.06.2024 06:24:36.495,35.19447,35.15959,450,900
24.06.2024 06:24:36.646,35.19447,35.16035,450,900
24.06.2024 06:24:36.948,35.19447,35.16075,450,900
24.06.2024 06:24:37.049,35.19558,35.16115,450,900
24.06.2024 06:24:37.150,35.19558,35.16035,450,900
24.06.2024 06:24:37.502,35.19558,35.160590000000006,450,900
24.06.2024 06:24:37.553,35.19558,35.16035,450,900
24.06.2024 06:24:37.654,35.19558,35.16075,450,900
24.06.2024 06:24:37.755,35.19558,35.16035,450,900
24.06.2024 06:24:37.855,35.19558,35.16075,450,900
24.06.2024 06:24:38.057,35.19558,35.16115,450,900
24.06.2024 06:24:38.458,35.19558,35.16075,450,1800
24.06.2024 06:24:38.558,35.19558,35.16115,450,900
24.06.2024 06:24:39.361,35.19558,35.16035,450,1350
24.06.2024 06:24:39.462,35.19558,35.16115,450,2250
24.06.2024 06:24:43.971,35.19558,35.16029,450,900
24.06.2024 06:24:44.072,35.19558,35.159890000000004,450,900
24.06.2024 06:24:44.172,35.19558,35.16075,450,900
24.06.2024 06:24:45.475,35.19558,35.16035,450,900
24.06.2024 06:24:46.527,35.19558,35.16075,450,900
24.06.2024 06:24:48.130,35.19558,35.16035,450,900
24.06.2024 06:24:49.032,35.19558,35.16075,450,900
24.06.2024 06:24:49.583,35.19558,35.16035,450,1350
24.06.2024 06:24:49.684,35.19558,35.16075,450,900
24.06.2024 06:24:49.985,35.19558,35.15995,450,900
24.06.2024 06:24:50.086,35.19473,35.15995,450,900
24.06.2024 06:24:50.288,35.19473,35.159890000000004,450,900
24.06.2024 06:24:50.489,35.19473,35.15995,450,900
24.06.2024 06:24:51.593,35.19473,35.159150000000004,450,1350
24.06.2024 06:24:51.694,35.19473,35.15899,450,900
24.06.2024 06:24:51.795,35.19333,35.15899,450,900
24.06.2024 06:24:52.096,35.19333,35.15955,450,900
24.06.2024 06:24:52.298,35.19333,35.157990000000005,450,900
24.06.2024 06:24:52.499,35.19227,35.157990000000005,450,900
24.06.2024 06:24:52.800,35.19227,35.15755,450,900
24.06.2024 06:24:52.851,35.19227,35.157590000000006,450,900
24.06.2024 06:24:54.104,35.19227,35.15755,450,900
24.06.2024 06:24:57.563,35.19227,35.15729,450,900
24.06.2024 06:24:57.864,35.19227,35.15715,450,900
24.06.2024 06:24:58.165,35.19227,35.15755,450,900
24.06.2024 06:25:01.474,35.19227,35.157590000000006,450,900
24.06.2024 06:25:01.625,35.19227,35.158750000000005,450,900
24.06.2024 06:25:02.277,35.19227,35.15879,450,900
24.06.2024 06:25:03.330,35.19227,35.15955,450,900
24.06.2024 06:25:03.832,35.19311,35.15955,450,900
24.06.2024 06:25:04.635,35.19311,35.16035,450,900
24.06.2024 06:25:05.538,35.19311,35.15955,450,900
24.06.2024 06:25:05.789,35.19311,35.15835,450,900
24.06.2024 06:25:05.840,35.19311,35.158590000000004,450,900
24.06.2024 06:25:06.091,35.19311,35.15955,450,900
24.06.2024 06:25:06.343,35.19311,35.15959,450,900
24.06.2024 06:25:06.393,35.1941,35.16035,450,900
24.06.2024 06:25:06.595,35.1941,35.15959,450,900
24.06.2024 06:25:06.696,35.1941,35.16035,450,900
24.06.2024 06:25:06.897,35.1941,35.15959,450,900
24.06.2024 06:25:07.099,35.1941,35.16035,450,900
24.06.2024 06:25:07.300,35.1941,35.15959,450,900
24.06.2024 06:25:07.401,35.1941,35.16035,450,900
24.06.2024 06:25:12.078,35.1941,35.16029,450,900
24.06.2024 06:25:12.179,35.1941,35.16075,450,900
24.06.2024 06:25:12.280,35.1941,35.15995,450,1350
24.06.2024 06:25:12.382,35.1941,35.16035,450,900
24.06.2024 06:25:12.583,35.1941,35.16115,450,900
24.06.2024 06:25:15.042,35.1941,35.16089,450,900
24.06.2024 06:25:15.093,35.19513,35.16089,450,900
24.06.2024 06:25:15.945,35.19513,35.161590000000004,450,900
24.06.2024 06:25:16.046,35.19513,35.16129,450,900
24.06.2024 06:25:21.413,35.19513,35.16115,450,900
24.06.2024 06:25:25.668,35.19513,35.16155,450,900
24.06.2024 06:25:26.120,35.19513,35.16075,450,2250
24.06.2024 06:25:26.220,35.19513,35.16115,450,900
24.06.2024 06:25:30.181,35.19513,35.16089,450,900
24.06.2024 06:25:30.382,35.19513,35.16115,450,900
24.06.2024 06:25:36.197,35.19513,35.15959,450,900
24.06.2024 06:25:36.299,35.19403,35.15959,450,900
24.06.2024 06:25:36.401,35.19403,35.16035,450,900
24.06.2024 06:25:44.216,35.19403,35.15955,450,900
24.06.2024 06:25:44.418,35.19403,35.15959,450,900
24.06.2024 06:25:44.520,35.19403,35.15995,450,900
24.06.2024 06:25:45.021,35.193000000000005,35.159290000000006,450,900
24.06.2024 06:25:45.122,35.19297,35.15995,450,900
24.06.2024 06:25:45.224,35.19297,35.15959,450,900
24.06.2024 06:25:45.324,35.19297,35.15995,450,900
24.06.2024 06:25:45.425,35.19339,35.15995,450,900
24.06.2024 06:25:45.676,35.19339,35.16268,450,900
24.06.2024 06:25:45.777,35.19337,35.16268,450,900
24.06.2024 06:25:45.828,35.19337,35.15995,450,900
24.06.2024 06:25:48.385,35.19337,35.158590000000004,450,900
24.06.2024 06:25:48.436,35.19337,35.15889000000001,450,900
24.06.2024 06:25:48.587,35.192220000000006,35.159150000000004,450,2250
24.06.2024 06:25:52.973,35.192220000000006,35.159290000000006,450,900
24.06.2024 06:25:53.078,35.192220000000006,35.159150000000004,450,3150.0001
24.06.2024 06:25:59.994,35.192220000000006,35.15635,450,900
24.06.2024 06:26:00.047,35.192220000000006,35.157990000000005,450,900
24.06.2024 06:26:00.149,35.192220000000006,35.15635,450,900
24.06.2024 06:26:00.199,35.192220000000006,35.159150000000004,450,2250
24.06.2024 06:26:00.402,35.192220000000006,35.15899,450,900
24.06.2024 06:26:00.604,35.192220000000006,35.159150000000004,450,3150.0001
24.06.2024 06:26:00.704,35.192220000000006,35.158590000000004,450,900
24.06.2024 06:26:00.755,35.192220000000006,35.157990000000005,450,900
24.06.2024 06:26:00.806,35.192220000000006,35.15829,450,900
24.06.2024 06:26:00.908,35.192220000000006,35.159150000000004,450,1800
24.06.2024 06:26:01.961,35.192220000000006,35.15835,450,900
24.06.2024 06:26:02.062,35.192220000000006,35.15795,450,3150.0001
24.06.2024 06:26:02.113,35.192220000000006,35.15829,450,900
24.06.2024 06:26:02.264,35.192220000000006,35.159150000000004,450,1800
24.06.2024 06:26:05.172,35.192220000000006,35.159290000000006,450,900
24.06.2024 06:26:05.273,35.192220000000006,35.15955,450,900
24.06.2024 06:26:05.374,35.192220000000006,35.159150000000004,450,1800
24.06.2024 06:26:05.475,35.192220000000006,35.15899,450,900
24.06.2024 06:26:05.576,35.192220000000006,35.158750000000005,450,900
24.06.2024 06:26:05.677,35.192220000000006,35.159150000000004,450,2250
24.06.2024 06:26:06.680,35.192220000000006,35.159290000000006,450,900
24.06.2024 06:26:06.781,35.192220000000006,35.15955,450,900
24.06.2024 06:26:07.082,35.192220000000006,35.159290000000006,450,900
24.06.2024 06:26:07.334,35.192220000000006,35.15955,450,900
24.06.2024 06:26:07.735,35.192220000000006,35.159290000000006,450,900
24.06.2024 06:26:08.037,35.192440000000005,35.159290000000006,450,900
24.06.2024 06:26:09.291,35.192440000000005,35.159150000000004,450,3150.0001
24.06.2024 06:26:12.201,35.192440000000005,35.159290000000006,450,900
24.06.2024 06:26:12.302,35.192440000000005,35.15955,450,900
24.06.2024 06:26:13.254,35.192440000000005,35.15959,450,900
24.06.2024 06:26:13.406,35.19353,35.15995,450,900
24.06.2024 06:26:13.607,35.19353,35.159890000000004,450,900
24.06.2024 06:26:13.708,35.19353,35.15995,450,3150.0001
24.06.2024 06:26:14.210,35.19353,35.16035,450,1350
24.06.2024 06:26:14.511,35.19417,35.16035,450,1350
24.06.2024 06:26:14.913,35.19417,35.161640000000006,450,900
24.06.2024 06:26:15.816,35.19514,35.16275,450,900
24.06.2024 06:26:18.474,35.19538,35.16275,450,900
24.06.2024 06:26:18.776,35.19538,35.16149,450,900
24.06.2024 06:26:19.529,35.19538,35.16109,450,900
24.06.2024 06:26:19.580,35.19538,35.16149,450,900
24.06.2024 06:26:19.731,35.19538,35.16109,450,900
24.06.2024 06:26:21.234,35.19538,35.16089,450,900
24.06.2024 06:26:21.386,35.19538,35.16149,450,900
24.06.2024 06:26:21.537,35.19514,35.16149,450,900
24.06.2024 06:26:22.941,35.19514,35.16179,450,900
24.06.2024 06:26:24.044,35.19514,35.16129,450,900
24.06.2024 06:26:24.195,35.19514,35.16155,450,900
24.06.2024 06:26:25.900,35.19514,35.16089,450,900
24.06.2024 06:26:26.017,35.19514,35.16155,450,900
24.06.2024 06:26:26.620,35.19413,35.16155,450,900
24.06.2024 06:26:27.523,35.19413,35.163940000000004,450,900
24.06.2024 06:26:30.532,35.19413,35.16388,450,900
24.06.2024 06:26:31.535,35.19527,35.16388,900,900
24.06.2024 06:26:31.586,35.19527,35.16362,900,900
24.06.2024 06:26:31.637,35.1953,35.16362,450,900
24.06.2024 06:26:31.938,35.19429,35.16362,450,900
24.06.2024 06:26:32.592,35.19429,35.16418,450,900
24.06.2024 06:26:33.596,35.19429,35.16447,450,900
24.06.2024 06:26:34.599,35.19429,35.16355,450,900
24.06.2024 06:26:35.251,35.19624,35.16355,450,900
24.06.2024 06:26:35.353,35.19525,35.16435,450,900
24.06.2024 06:26:35.453,35.19525,35.16235,450,900
24.06.2024 06:26:35.555,35.19525,35.16355,450,900
24.06.2024 06:26:36.157,35.19525,35.16395,450,900
24.06.2024 06:26:39.215,35.19525,35.16279,450,900
24.06.2024 06:26:40.368,35.19525,35.163090000000004,450,900
24.06.2024 06:26:40.869,35.19623,35.163090000000004,450,900
24.06.2024 06:26:41.220,35.19623,35.16259,450,900
24.06.2024 06:26:41.371,35.19623,35.16275,450,900
24.06.2024 06:26:41.572,35.19623,35.16355,450,900
24.06.2024 06:26:42.777,35.19623,35.16315,450,900
24.06.2024 06:26:42.828,35.19623,35.16319000000001,450,900
24.06.2024 06:26:42.929,35.19623,35.16355,450,900
24.06.2024 06:26:45.236,35.19623,35.16189000000001,450,900
24.06.2024 06:26:45.337,35.19623,35.161590000000004,450,900
24.06.2024 06:26:45.387,35.19623,35.16189000000001,450,900
24.06.2024 06:26:45.438,35.19623,35.161590000000004,450,900
24.06.2024 06:26:45.489,35.19623,35.16259,450,900
24.06.2024 06:26:46.844,35.19623,35.161590000000004,450,900
24.06.2024 06:26:46.995,35.195040000000006,35.161590000000004,450,900
24.06.2024 06:26:47.146,35.195040000000006,35.16189000000001,450,900
24.06.2024 06:26:48.300,35.195040000000006,35.16219,450,900
24.06.2024 06:26:49.404,35.195040000000006,35.161170000000006,450,900
24.06.2024 06:26:49.454,35.195040000000006,35.161590000000004,450,900
24.06.2024 06:26:51.362,35.195040000000006,35.16315,450,900
24.06.2024 06:26:51.463,35.19611,35.161170000000006,450,900
24.06.2024 06:26:51.514,35.19611,35.161590000000004,450,900
24.06.2024 06:26:51.865,35.195170000000005,35.161590000000004,450,900
24.06.2024 06:26:52.016,35.195170000000005,35.162090000000006,450,900
24.06.2024 06:26:52.167,35.195170000000005,35.161590000000004,450,900
24.06.2024 06:26:52.268,35.195170000000005,35.16235,450,900
24.06.2024 06:26:52.369,35.195170000000005,35.16275,450,900
24.06.2024 06:26:52.470,35.195170000000005,35.161950000000004,450,900
24.06.2024 06:26:52.571,35.195170000000005,35.16235,450,900
24.06.2024 06:26:52.973,35.194720000000004,35.16089,900,900
24.06.2024 06:26:53.074,35.19415,35.16155,450,900
24.06.2024 06:26:54.579,35.19415,35.16089,450,900
24.06.2024 06:26:54.880,35.19415,35.16115,450,900
24.06.2024 06:26:55.082,35.19415,35.16089,450,900
24.06.2024 06:26:57.338,35.19415,35.16129,450,900
24.06.2024 06:26:58.042,35.19415,35.16115,450,900
24.06.2024 06:26:58.144,35.19415,35.156259999999996,450,900
24.06.2024 06:26:58.346,35.19297,35.156259999999996,450,900
24.06.2024 06:26:58.547,35.19297,35.15795,450,900
24.06.2024 06:26:59.049,35.19297,35.156259999999996,450,900
24.06.2024 06:26:59.272,35.19335,35.153240000000004,450,900
24.06.2024 06:26:59.876,35.19335,35.15675,450,900
24.06.2024 06:26:59.976,35.19335,35.153240000000004,450,900
24.06.2024 06:27:00.480,35.19335,35.15715,450,900
24.06.2024 06:27:01.085,35.1933,35.153090000000006,450,900
24.06.2024 06:27:01.186,35.1933,35.15345,450,900
24.06.2024 06:27:01.336,35.1933,35.15715,450,900
24.06.2024 06:27:01.537,35.1933,35.15345,450,900
24.06.2024 06:27:01.638,35.1933,35.15675,450,900
24.06.2024 06:27:02.140,35.1927,35.15675,450,900
24.06.2024 06:27:02.240,35.1927,35.151990000000005,450,1800
24.06.2024 06:27:02.341,35.1927,35.15675,450,900
24.06.2024 06:27:02.742,35.1927,35.15093,450,900
24.06.2024 06:27:02.844,35.19241,35.15093,450,900
24.06.2024 06:27:03.147,35.19445,35.152750000000005,900,900
24.06.2024 06:27:03.348,35.19485,35.152750000000005,900,900
24.06.2024 06:27:03.449,35.20141,35.152750000000005,900,900
24.06.2024 06:27:03.550,35.19485,35.152750000000005,2250,900
24.06.2024 06:27:03.952,35.20116,35.15395,450,900
24.06.2024 06:27:04.655,35.194050000000004,35.15395,900,900
24.06.2024 06:27:06.611,35.20116,35.15395,450,900
24.06.2024 06:27:06.914,35.196850000000005,35.15435,900,900
24.06.2024 06:27:07.115,35.196850000000005,35.15475,900,900
24.06.2024 06:27:07.216,35.196850000000005,35.15435,900,900
24.06.2024 06:27:07.317,35.19605,35.15195,1350,900
24.06.2024 06:27:07.418,35.19565,35.15435,900,900
24.06.2024 06:27:07.920,35.19605,35.15435,900,900
24.06.2024 06:27:08.021,35.19605,35.15475,900,900
24.06.2024 06:27:08.122,35.19605,35.15435,900,900
24.06.2024 06:27:09.027,35.20256,35.153150000000004,450,900
24.06.2024 06:27:10.034,35.18197,35.140750000000004,450,900
24.06.2024 06:27:10.839,35.1801,35.134190000000004,450,900
24.06.2024 06:27:10.940,35.17924000000001,35.129940000000005,900,450
24.06.2024 06:27:11.141,35.17826,35.134750000000004,900,900
24.06.2024 06:27:11.242,35.17779,35.130990000000004,900,900
24.06.2024 06:27:11.444,35.17779,35.13315,900,900
24.06.2024 06:27:11.595,35.17779,35.129940000000005,900,450
24.06.2024 06:27:11.696,35.176790000000004,35.13195,900,900
24.06.2024 06:27:11.797,35.176790000000004,35.13035,900,900
24.06.2024 06:27:11.898,35.17784,35.13195,900,900
24.06.2024 06:27:12.201,35.18135,35.13195,900,900
24.06.2024 06:27:13.003,35.18225,35.13275,450,900
24.06.2024 06:27:14.408,35.17851,35.13275,900,900
24.06.2024 06:27:14.510,35.17836,35.13275,900,900
24.06.2024 06:27:16.015,35.1784,35.13304,900,900
24.06.2024 06:27:17.017,35.1784,35.13346,900,900
24.06.2024 06:27:18.069,35.1784,35.133790000000005,900,900
24.06.2024 06:27:19.070,35.1784,35.13382,900,900
24.06.2024 06:27:19.583,35.17776,35.13382,450,900
24.06.2024 06:27:19.785,35.17506,35.13035,900,900
24.06.2024 06:27:19.886,35.17506,35.13126,900,900
24.06.2024 06:27:20.037,35.17506,35.12829000000001,900,1020
24.06.2024 06:27:20.088,35.178720000000006,35.128750000000004,450,900
24.06.2024 06:27:20.188,35.178720000000006,35.12955,450,900
24.06.2024 06:27:20.891,35.178720000000006,35.13154,450,900
24.06.2024 06:27:20.992,35.1791,35.13154,900,900
24.06.2024 06:27:21.743,35.17864,35.13154,900,900
24.06.2024 06:27:22.245,35.17864,35.13123,900,900
24.06.2024 06:27:24.249,35.17864,35.13139,900,900
24.06.2024 06:27:25.252,35.17864,35.13126,900,900
24.06.2024 06:27:26.254,35.17864,35.13123,900,900
24.06.2024 06:27:27.257,35.17864,35.13176,900,900
24.06.2024 06:27:28.310,35.17864,35.132200000000005,900,900
24.06.2024 06:27:29.312,35.17864,35.132220000000004,900,900
24.06.2024 06:27:30.163,35.17949,35.132220000000004,450,900
24.06.2024 06:27:30.314,35.17949,35.13237,450,900
24.06.2024 06:27:31.368,35.17949,35.13223,450,900
24.06.2024 06:27:32.572,35.17949,35.13238,450,900
24.06.2024 06:27:32.878,35.18016,35.13238,900,900
24.06.2024 06:27:33.632,35.18016,35.13212,900,900
24.06.2024 06:27:34.436,35.17934,35.131150000000005,450,900
24.06.2024 06:27:34.537,35.18016,35.131150000000005,900,900
24.06.2024 06:27:35.340,35.18016,35.13236,900,900
24.06.2024 06:27:35.541,35.18137,35.13236,900,900
24.06.2024 06:27:36.244,35.18137,35.13236,900,900
24.06.2024 06:27:36.395,35.18137,35.1346,900,900
24.06.2024 06:27:36.646,35.17611,35.1346,450,900
24.06.2024 06:27:36.748,35.17799,35.1346,450,900
24.06.2024 06:27:36.848,35.17543,35.1346,900,900
24.06.2024 06:27:36.949,35.17745,35.1346,450,900
24.06.2024 06:27:37.051,35.176700000000004,35.1346,450,900
24.06.2024 06:27:37.152,35.175200000000004,35.1346,900,900
24.06.2024 06:27:37.354,35.1771,35.1346,450,900
24.06.2024 06:27:37.455,35.17856,35.13226,450,900
24.06.2024 06:27:37.556,35.18191,35.13226,900,900
24.06.2024 06:27:37.657,35.18198,35.13226,900,900
24.06.2024 06:27:37.959,35.18125,35.13226,900,900
24.06.2024 06:27:38.060,35.1821,35.13226,900,900
24.06.2024 06:27:38.461,35.1821,35.132470000000005,900,900
24.06.2024 06:27:39.114,35.1821,35.13315,900,900
24.06.2024 06:27:39.316,35.18215,35.132470000000005,900,900
24.06.2024 06:27:40.223,35.17771,35.130370000000006,900,900
24.06.2024 06:27:40.725,35.17771,35.12982,900,900
24.06.2024 06:27:41.728,35.17771,35.13008,900,900
24.06.2024 06:27:41.979,35.179170000000006,35.13008,900,900
24.06.2024 06:27:42.030,35.17571,35.13008,900,900
24.06.2024 06:27:42.131,35.17674,35.12809000000001,900,900
24.06.2024 06:27:42.232,35.17674,35.128350000000005,900,900
24.06.2024 06:27:42.333,35.17674,35.12809000000001,900,900
24.06.2024 06:27:42.434,35.17674,35.12839,900,900
24.06.2024 06:27:42.838,35.17486,35.128350000000005,900,900
24.06.2024 06:27:42.939,35.17651,35.129090000000005,900,900
24.06.2024 06:27:43.242,35.180870000000006,35.13102,900,900
24.06.2024 06:27:43.394,35.17671,35.12915,900,900
24.06.2024 06:27:43.595,35.17661,35.12915,900,900
24.06.2024 06:27:43.746,35.17651,35.12915,900,900
24.06.2024 06:27:43.797,35.17781,35.129490000000004,900,900
24.06.2024 06:27:43.899,35.17781,35.12939,900,900
24.06.2024 06:27:44.000,35.17751,35.13161,900,900
24.06.2024 06:27:44.451,35.17897,35.13161,900,900
24.06.2024 06:27:44.502,35.17897,35.12915,900,900
24.06.2024 06:27:44.553,35.177420000000005,35.129290000000005,900,900
24.06.2024 06:27:44.654,35.177420000000005,35.12939,900,900
24.06.2024 06:27:45.657,35.177420000000005,35.129290000000005,900,900
24.06.2024 06:27:45.758,35.177420000000005,35.12939,900,900
24.06.2024 06:27:45.809,35.17792,35.12939,900,900
24.06.2024 06:27:45.910,35.17792,35.129490000000004,900,900
24.06.2024 06:27:45.960,35.17792,35.129290000000005,900,900
24.06.2024 06:27:46.061,35.17792,35.12939,900,900
24.06.2024 06:27:46.213,35.17792,35.129290000000005,900,900
24.06.2024 06:27:46.314,35.17792,35.12939,900,900
24.06.2024 06:27:46.465,35.17792,35.129290000000005,900,900
24.06.2024 06:27:46.565,35.17792,35.12939,900,900
24.06.2024 06:27:46.717,35.176140000000004,35.12939,900,900
24.06.2024 06:27:47.620,35.176140000000004,35.129290000000005,900,900
24.06.2024 06:27:47.671,35.176140000000004,35.129490000000004,900,900
24.06.2024 06:27:47.872,35.176140000000004,35.129290000000005,900,900
24.06.2024 06:27:47.973,35.176140000000004,35.12939,900,900
24.06.2024 06:27:48.174,35.176140000000004,35.129290000000005,900,900
24.06.2024 06:27:48.225,35.17786,35.129490000000004,900,900
24.06.2024 06:27:48.427,35.17786,35.129290000000005,900,900
24.06.2024 06:27:48.477,35.17786,35.12939,900,900
24.06.2024 06:27:48.628,35.17634,35.12939,900,900
24.06.2024 06:27:48.679,35.17634,35.12915,900,900
24.06.2024 06:27:48.730,35.17634,35.129290000000005,900,900
24.06.2024 06:27:48.831,35.17634,35.12939,900,900
24.06.2024 06:27:48.982,35.17634,35.129290000000005,900,900
24.06.2024 06:27:49.033,35.17634,35.12939,900,900
24.06.2024 06:27:49.235,35.17634,35.129290000000005,900,900
24.06.2024 06:27:49.286,35.17634,35.12939,900,900
24.06.2024 06:27:49.939,35.17634,35.129290000000005,900,900
24.06.2024 06:27:49.990,35.17634,35.129490000000004,900,900
24.06.2024 06:27:50.191,35.17634,35.129290000000005,900,900
24.06.2024 06:27:51.144,35.17634,35.12939,900,900
24.06.2024 06:27:51.346,35.17634,35.129290000000005,900,900
24.06.2024 06:27:51.397,35.17634,35.12939,900,900
24.06.2024 06:27:51.548,35.17634,35.128750000000004,900,900
24.06.2024 06:27:51.599,35.17634,35.12789,900,900
24.06.2024 06:27:51.699,35.17634,35.12809000000001,900,900
24.06.2024 06:27:51.851,35.17634,35.12755,900,900
24.06.2024 06:27:51.901,35.17634,35.12795,900,900
24.06.2024 06:27:52.002,35.17493,35.12809000000001,900,900
24.06.2024 06:27:52.153,35.17493,35.12789,900,900
24.06.2024 06:27:52.255,35.17493,35.127990000000004,900,900
24.06.2024 06:27:52.305,35.17698,35.127990000000004,900,900
24.06.2024 06:27:52.406,35.17698,35.12789,900,900
24.06.2024 06:27:52.507,35.17698,35.12809000000001,900,900
24.06.2024 06:27:52.659,35.17698,35.12795,900,900
24.06.2024 06:27:52.760,35.17698,35.12809000000001,900,900
24.06.2024 06:27:52.911,35.17544,35.12755,900,900
24.06.2024 06:27:53.013,35.17544,35.12789,900,900
24.06.2024 06:27:53.114,35.17544,35.14018,900,450
24.06.2024 06:27:53.716,35.17544,35.12755,900,900
24.06.2024 06:27:53.767,35.17544,35.12769,900,900
24.06.2024 06:27:53.868,35.17544,35.127790000000005,900,900
24.06.2024 06:27:54.019,35.17544,35.127590000000005,900,900
24.06.2024 06:27:54.070,35.17544,35.127790000000005,900,900
24.06.2024 06:27:54.271,35.17544,35.127590000000005,900,900
24.06.2024 06:27:54.321,35.17544,35.127790000000005,900,900
24.06.2024 06:27:54.422,35.17544,35.127990000000004,900,900
24.06.2024 06:27:54.523,35.17544,35.12829000000001,900,900
24.06.2024 06:27:54.674,35.17544,35.12839,900,900
24.06.2024 06:27:55.076,35.17544,35.12809000000001,900,900
24.06.2024 06:27:55.727,35.17544,35.12795,900,900
24.06.2024 06:27:55.778,35.17544,35.12809000000001,900,900
24.06.2024 06:27:55.979,35.17544,35.12795,900,900
24.06.2024 06:27:56.030,35.17544,35.12809000000001,900,900
24.06.2024 06:27:56.231,35.17544,35.12795,900,900
24.06.2024 06:27:56.333,35.17544,35.12809000000001,900,900
24.06.2024 06:27:56.684,35.17544,35.12795,900,900
24.06.2024 06:27:56.785,35.17544,35.12809000000001,900,900
24.06.2024 06:27:56.986,35.17544,35.12795,900,900
24.06.2024 06:27:57.037,35.17544,35.12809000000001,900,900
24.06.2024 06:27:57.238,35.17544,35.12795,900,900
24.06.2024 06:27:57.339,35.17544,35.12809000000001,900,900
24.06.2024 06:27:57.842,35.17544,35.12795,900,900
24.06.2024 06:27:57.893,35.17544,35.12809000000001,900,900
24.06.2024 06:27:58.595,35.177080000000004,35.129090000000005,900,900
24.06.2024 06:27:58.696,35.177080000000004,35.128890000000006,900,900
24.06.2024 06:27:58.796,35.177080000000004,35.129090000000005,900,900
24.06.2024 06:27:58.948,35.177080000000004,35.128890000000006,900,900
24.06.2024 06:27:59.048,35.177080000000004,35.129090000000005,900,900
24.06.2024 06:27:59.450,35.177080000000004,35.12879,900,900
24.06.2024 06:28:01.455,35.177080000000004,35.12839,900,900
24.06.2024 06:28:03.009,35.177080000000004,35.12879,900,900
24.06.2024 06:28:04.112,35.177080000000004,35.128490000000006,900,900
24.06.2024 06:28:04.163,35.17549,35.128490000000006,900,900
24.06.2024 06:28:04.264,35.17549,35.128690000000006,900,900
24.06.2024 06:28:04.365,35.177150000000005,35.128490000000006,900,900
24.06.2024 06:28:04.415,35.177150000000005,35.12879,900,900
24.06.2024 06:28:04.617,35.177150000000005,35.128490000000006,900,900
24.06.2024 06:28:04.668,35.17604000000001,35.128490000000006,450,900
24.06.2024 06:28:04.819,35.17604000000001,35.128690000000006,450,900
24.06.2024 06:28:04.870,35.17604000000001,35.128350000000005,450,900
24.06.2024 06:28:05.021,35.17604000000001,35.12839,450,900
24.06.2024 06:28:05.172,35.17604000000001,35.128190000000004,450,900
24.06.2024 06:28:05.223,35.17604000000001,35.12839,450,900
24.06.2024 06:28:05.424,35.17604000000001,35.128350000000005,450,900
24.06.2024 06:28:05.475,35.17604000000001,35.128490000000006,450,900
24.06.2024 06:28:05.676,35.17604000000001,35.128350000000005,450,900
24.06.2024 06:28:05.777,35.17604000000001,35.12839,450,900
24.06.2024 06:28:05.928,35.17604000000001,35.128350000000005,450,900
24.06.2024 06:28:06.029,35.177440000000004,35.128490000000006,900,900
24.06.2024 06:28:06.130,35.177440000000004,35.14152,900,450
24.06.2024 06:28:06.432,35.1759,35.12839,450,900
24.06.2024 06:28:06.483,35.1759,35.128350000000005,450,900
24.06.2024 06:28:06.585,35.1759,35.12839,450,900
24.06.2024 06:28:06.736,35.1759,35.128350000000005,450,900
24.06.2024 06:28:06.837,35.1759,35.12839,450,900
24.06.2024 06:28:06.988,35.1759,35.12795,450,900
24.06.2024 06:28:07.039,35.1759,35.128350000000005,450,900
24.06.2024 06:28:07.140,35.1759,35.12839,450,900
24.06.2024 06:28:07.291,35.1759,35.128350000000005,450,900
24.06.2024 06:28:07.342,35.1759,35.12839,450,900
24.06.2024 06:28:07.543,35.1759,35.128350000000005,450,900
24.06.2024 06:28:07.644,35.1759,35.12839,450,900
24.06.2024 06:28:08.097,35.1759,35.128350000000005,450,900
24.06.2024 06:28:08.148,35.1759,35.128190000000004,450,900
24.06.2024 06:28:08.198,35.1759,35.12839,450,900
24.06.2024 06:28:08.349,35.1759,35.128350000000005,450,900
24.06.2024 06:28:08.450,35.1759,35.12839,450,900
24.06.2024 06:28:08.602,35.1759,35.128350000000005,450,900
24.06.2024 06:28:08.703,35.1759,35.12839,450,900
24.06.2024 06:28:10.407,35.1759,35.128690000000006,450,900
24.06.2024 06:28:10.758,35.1759,35.128490000000006,450,900
24.06.2024 06:28:10.859,35.1759,35.128690000000006,450,900
24.06.2024 06:28:11.411,35.17739,35.128490000000006,900,900
24.06.2024 06:28:11.512,35.17739,35.12879,900,900
24.06.2024 06:28:11.663,35.17739,35.128490000000006,900,900
24.06.2024 06:28:11.763,35.17739,35.12879,900,900
24.06.2024 06:28:11.914,35.176170000000006,35.12879,450,900
24.06.2024 06:28:12.716,35.176170000000006,35.128490000000006,450,900
24.06.2024 06:28:12.817,35.176170000000006,35.128690000000006,450,900
24.06.2024 06:28:13.168,35.176170000000006,35.128350000000005,450,900
24.06.2024 06:28:13.219,35.176170000000006,35.128490000000006,450,900
24.06.2024 06:28:13.270,35.17752,35.128490000000006,900,900
24.06.2024 06:28:13.320,35.17752,35.12879,900,900
24.06.2024 06:28:13.472,35.17752,35.128490000000006,900,900
24.06.2024 06:28:13.573,35.17752,35.128690000000006,900,900
24.06.2024 06:28:16.130,35.17752,35.128490000000006,900,900
24.06.2024 06:28:16.230,35.17752,35.12879,900,900
24.06.2024 06:28:16.432,35.17752,35.128490000000006,900,900
24.06.2024 06:28:16.482,35.17752,35.12879,900,900
24.06.2024 06:28:16.684,35.17752,35.128490000000006,900,900
24.06.2024 06:28:16.735,35.17602,35.128690000000006,450,900
24.06.2024 06:28:16.836,35.177550000000004,35.128690000000006,900,900
24.06.2024 06:28:17.639,35.177550000000004,35.128890000000006,900,900
24.06.2024 06:28:17.689,35.177550000000004,35.128690000000006,900,900
24.06.2024 06:28:17.790,35.177550000000004,35.127990000000004,900,900
24.06.2024 06:28:17.841,35.177550000000004,35.12839,900,900
24.06.2024 06:28:18.042,35.17622,35.12839,450,900
24.06.2024 06:28:18.545,35.17636,35.12839,450,900
24.06.2024 06:28:18.846,35.17636,35.12795,450,900
24.06.2024 06:28:18.897,35.17636,35.128190000000004,450,900
24.06.2024 06:28:19.048,35.17636,35.128490000000006,450,900
24.06.2024 06:28:19.149,35.17636,35.128190000000004,450,900
24.06.2024 06:28:19.250,35.17636,35.12839,450,900
24.06.2024 06:28:19.602,35.17636,35.12795,450,900
24.06.2024 06:28:19.653,35.17636,35.12839,450,900
24.06.2024 06:28:19.754,35.17636,35.128490000000006,450,900
24.06.2024 06:28:19.855,35.17636,35.128690000000006,450,900
24.06.2024 06:28:19.956,35.17636,35.128490000000006,450,900
24.06.2024 06:28:20.157,35.17636,35.128690000000006,450,900
24.06.2024 06:28:20.609,35.17636,35.129090000000005,450,900
24.06.2024 06:28:20.861,35.17636,35.12915,450,900
24.06.2024 06:28:20.912,35.177800000000005,35.12915,900,900
24.06.2024 06:28:21.013,35.177800000000005,35.129090000000005,900,900
24.06.2024 06:28:21.114,35.177800000000005,35.12915,900,900
24.06.2024 06:28:21.215,35.177800000000005,35.128890000000006,900,900
24.06.2024 06:28:21.265,35.177800000000005,35.129090000000005,900,900
24.06.2024 06:28:21.366,35.177800000000005,35.130320000000005,900,900
24.06.2024 06:28:21.518,35.177800000000005,35.130320000000005,900,900
24.06.2024 06:28:22.420,35.177800000000005,35.13008,900,900
24.06.2024 06:28:22.823,35.176050000000004,35.13008,900,900
24.06.2024 06:28:23.475,35.176050000000004,35.12995,900,900
24.06.2024 06:28:24.530,35.176050000000004,35.12959000000001,900,900
24.06.2024 06:28:24.932,35.176050000000004,35.12959000000001,900,900
24.06.2024 06:28:25.383,35.17546,35.12995,900,900
24.06.2024 06:28:25.734,35.17546,35.13066,900,900
24.06.2024 06:28:26.387,35.17521,35.13066,900,900
24.06.2024 06:28:26.739,35.17521,35.12964,900,900
24.06.2024 06:28:26.890,35.17692,35.12964,900,900
24.06.2024 06:28:27.794,35.17692,35.12915,900,900
24.06.2024 06:28:27.994,35.17692,35.130390000000006,900,900
24.06.2024 06:28:28.045,35.17692,35.12915,900,900
24.06.2024 06:28:28.196,35.17692,35.128750000000004,900,900
24.06.2024 06:28:28.297,35.17692,35.12915,900,900
24.06.2024 06:28:28.498,35.17692,35.128690000000006,900,900
24.06.2024 06:28:28.599,35.17692,35.12915,900,900
24.06.2024 06:28:28.800,35.17692,35.130970000000005,900,900
24.06.2024 06:28:29.905,35.17522,35.12709,900,900
24.06.2024 06:28:30.007,35.17522,35.12693,900,900
24.06.2024 06:28:30.107,35.17522,35.127190000000006,900,900
24.06.2024 06:28:30.258,35.17522,35.12693,900,900
24.06.2024 06:28:30.309,35.17522,35.12715,900,900
24.06.2024 06:28:30.410,35.17522,35.12709,900,900
24.06.2024 06:28:30.862,35.17522,35.12721,900,900
24.06.2024 06:28:31.314,35.17522,35.12709,900,900
24.06.2024 06:28:31.666,35.17522,35.12701,900,900
24.06.2024 06:28:31.767,35.17411,35.12701,450,900
24.06.2024 06:28:31.868,35.1753,35.12679000000001,900,900
24.06.2024 06:28:32.069,35.1753,35.12675,900,900
24.06.2024 06:28:32.271,35.1753,35.12679000000001,900,900
24.06.2024 06:28:33.174,35.1753,35.126990000000006,900,900
24.06.2024 06:28:33.375,35.1753,35.126990000000006,900,900
24.06.2024 06:28:33.476,35.17389000000001,35.126990000000006,450,900
24.06.2024 06:28:33.777,35.17389000000001,35.127190000000006,450,900
24.06.2024 06:28:33.979,35.17389000000001,35.127190000000006,450,900
24.06.2024 06:28:34.180,35.17389000000001,35.127190000000006,450,900
24.06.2024 06:28:34.431,35.17389000000001,35.12803,450,900
24.06.2024 06:28:35.434,35.17389000000001,35.13021,450,900
24.06.2024 06:28:36.439,35.17389000000001,35.12937,450,900
24.06.2024 06:28:37.492,35.17389000000001,35.127590000000005,450,900
24.06.2024 06:28:38.647,35.17389000000001,35.12771,450,900
24.06.2024 06:28:39.903,35.17389000000001,35.12746,450,900
24.06.2024 06:28:40.806,35.17389000000001,35.1272,450,900
24.06.2024 06:28:41.358,35.17389000000001,35.12675,450,900
24.06.2024 06:28:41.459,35.17389000000001,35.126290000000004,450,900
24.06.2024 06:28:41.510,35.17389000000001,35.12635,450,900
24.06.2024 06:28:41.611,35.17389000000001,35.12749,450,900
24.06.2024 06:28:41.913,35.17346,35.12749,900,900
24.06.2024 06:28:42.516,35.17174000000001,35.12749,900,900
24.06.2024 06:28:42.617,35.17174000000001,35.12731,900,900
24.06.2024 06:28:43.653,35.17174000000001,35.125820000000004,900,1020
24.06.2024 06:28:43.754,35.17174000000001,35.125820000000004,900,900
24.06.2024 06:28:44.458,35.17174000000001,35.124790000000004,900,900
24.06.2024 06:28:44.960,35.17174000000001,35.125490000000006,900,900
24.06.2024 06:28:45.060,35.17174000000001,35.125150000000005,900,900
24.06.2024 06:28:45.111,35.17174000000001,35.12519,900,900
24.06.2024 06:28:45.262,35.17174000000001,35.125150000000005,900,900
24.06.2024 06:28:45.363,35.17174000000001,35.12519,900,900
24.06.2024 06:28:45.764,35.17174000000001,35.125150000000005,900,900
24.06.2024 06:28:45.915,35.17174000000001,35.124790000000004,900,900
24.06.2024 06:28:47.619,35.17174000000001,35.125150000000005,900,900
24.06.2024 06:28:47.822,35.17174000000001,35.12429,900,900
24.06.2024 06:28:47.875,35.17174000000001,35.124390000000005,900,900
24.06.2024 06:28:48.077,35.17174000000001,35.12435,900,900
24.06.2024 06:28:48.128,35.170230000000004,35.12579,900,900
24.06.2024 06:28:48.731,35.170230000000004,35.124190000000006,900,900
24.06.2024 06:28:49.081,35.170230000000004,35.12379000000001,900,900
24.06.2024 06:28:51.187,35.170230000000004,35.124190000000006,900,900
24.06.2024 06:28:51.288,35.170230000000004,35.124790000000004,900,900
24.06.2024 06:28:51.390,35.17178,35.12519,900,900
24.06.2024 06:28:52.342,35.17178,35.125150000000005,900,900
24.06.2024 06:28:52.393,35.17178,35.124790000000004,900,900
24.06.2024 06:28:55.752,35.17178,35.124990000000004,900,900
24.06.2024 06:28:55.853,35.17178,35.12519,900,900
24.06.2024 06:28:56.856,35.17178,35.125490000000006,900,900
24.06.2024 06:28:56.957,35.17178,35.12639,900,900
24.06.2024 06:28:57.862,35.17178,35.126490000000004,900,900
24.06.2024 06:28:57.963,35.17178,35.12675,900,900
24.06.2024 06:28:59.166,35.17178,35.12704,900,900
24.06.2024 06:28:59.317,35.171800000000005,35.12749,900,450
24.06.2024 06:28:59.469,35.171800000000005,35.12659000000001,900,1020
24.06.2024 06:28:59.620,35.171800000000005,35.12659000000001,900,900
24.06.2024 06:28:59.671,35.171800000000005,35.12635,900,900
24.06.2024 06:28:59.721,35.171800000000005,35.12675,900,900
24.06.2024 06:28:59.823,35.171800000000005,35.126490000000004,900,900
24.06.2024 06:28:59.924,35.171800000000005,35.12749,900,450
24.06.2024 06:29:00.075,35.171800000000005,35.12745,900,90
24.06.2024 06:29:00.126,35.171800000000005,35.12888,900,900
24.06.2024 06:29:00.478,35.171800000000005,35.12846,900,900
24.06.2024 06:29:00.579,35.17261,35.128750000000004,900,900
24.06.2024 06:29:01.031,35.17236,35.12749,900,450
24.06.2024 06:29:01.383,35.17236,35.126490000000004,900,1020
24.06.2024 06:29:01.534,35.17236,35.12675,900,900
24.06.2024 06:29:01.685,35.17236,35.12749,900,450
24.06.2024 06:29:02.037,35.17236,35.12836,900,900
24.06.2024 06:29:02.088,35.17236,35.12749,900,450
24.06.2024 06:29:02.239,35.17236,35.1283,900,900
24.06.2024 06:29:02.289,35.17236,35.12749,900,450
24.06.2024 06:29:04.446,35.17205,35.12831,900,900
24.06.2024 06:29:05.799,35.17205,35.128659999999996,900,900
24.06.2024 06:29:06.803,35.17205,35.12901,900,900
24.06.2024 06:29:07.355,35.17205,35.12675,900,900
24.06.2024 06:29:08.808,35.17205,35.12881,900,900
24.06.2024 06:29:09.261,35.1715,35.12881,900,900
24.06.2024 06:29:09.362,35.174150000000004,35.12881,450,900
24.06.2024 06:29:09.463,35.17325,35.12881,900,900
24.06.2024 06:29:09.765,35.172850000000004,35.12881,900,900
24.06.2024 06:29:09.816,35.172850000000004,35.12755,900,900
24.06.2024 06:29:09.917,35.17311,35.12755,900,900
24.06.2024 06:29:09.967,35.17085,35.12755,900,900
24.06.2024 06:29:10.569,35.17375,35.12755,900,900
24.06.2024 06:29:10.670,35.17085,35.12755,900,900
24.06.2024 06:29:11.121,35.17085,35.13006,900,900
24.06.2024 06:29:11.172,35.17375,35.13006,900,900
24.06.2024 06:29:11.272,35.17155,35.13006,900,900
24.06.2024 06:29:11.774,35.17125,35.13006,900,900
24.06.2024 06:29:11.875,35.17085,35.13006,900,900
24.06.2024 06:29:12.125,35.17085,35.1302,900,900
24.06.2024 06:29:12.176,35.17125,35.1302,900,900
24.06.2024 06:29:12.277,35.17344000000001,35.1302,900,900
24.06.2024 06:29:12.378,35.17045,35.1302,900,900
24.06.2024 06:29:12.880,35.17125,35.1302,900,900
24.06.2024 06:29:12.982,35.17085,35.1302,900,900
24.06.2024 06:29:13.183,35.17085,35.13018,900,900
24.06.2024 06:29:13.685,35.17344000000001,35.13018,900,900
24.06.2024 06:29:13.785,35.17085,35.13018,900,900
24.06.2024 06:29:14.187,35.17344000000001,35.13018,900,900
24.06.2024 06:29:14.238,35.17344000000001,35.13048,900,900
24.06.2024 06:29:14.289,35.174240000000005,35.13048,900,900
24.06.2024 06:29:14.390,35.17205,35.13048,900,900
24.06.2024 06:29:15.217,35.17205,35.13022,900,900
24.06.2024 06:29:16.220,35.17205,35.130250000000004,900,900
24.06.2024 06:29:17.322,35.17205,35.13015,900,900
24.06.2024 06:29:18.426,35.17205,35.130140000000004,900,900
24.06.2024 06:29:19.530,35.17205,35.13027,900,900
24.06.2024 06:29:20.341,35.17205,35.12839,900,900
24.06.2024 06:29:20.742,35.17205,35.129940000000005,900,900
24.06.2024 06:29:21.746,35.17205,35.129920000000006,900,900
24.06.2024 06:29:22.146,35.17118,35.129920000000006,900,900
24.06.2024 06:29:22.798,35.17118,35.129670000000004,900,900
24.06.2024 06:29:22.949,35.17118,35.12989,900,900
24.06.2024 06:29:23.050,35.17205,35.12989,900,900
24.06.2024 06:29:23.451,35.17119,35.12989,900,900
24.06.2024 06:29:24.103,35.17119,35.130359999999996,900,900
24.06.2024 06:29:25.208,35.17119,35.13046,900,900
24.06.2024 06:29:26.262,35.17119,35.13041,900,900
24.06.2024 06:29:27.266,35.17119,35.13024,900,900
24.06.2024 06:29:28.319,35.17119,35.130250000000004,900,900
24.06.2024 06:29:28.672,35.17186,35.130250000000004,900,900
24.06.2024 06:29:28.874,35.17192,35.130250000000004,450,900
24.06.2024 06:29:29.075,35.17178,35.130250000000004,450,900
24.06.2024 06:29:29.427,35.17178,35.13009,450,900
24.06.2024 06:29:30.430,35.17178,35.13024,450,900
24.06.2024 06:29:31.935,35.17178,35.130140000000004,450,900
24.06.2024 06:29:32.939,35.17178,35.13051,450,900
24.06.2024 06:29:33.943,35.17178,35.129780000000004,450,900
24.06.2024 06:29:34.946,35.17178,35.12961,450,900
24.06.2024 06:29:35.650,35.17239000000001,35.12961,450,900
24.06.2024 06:29:35.750,35.17303,35.12961,900,900
24.06.2024 06:29:35.952,35.17303,35.12921,900,900
24.06.2024 06:29:36.053,35.170640000000006,35.12921,900,900
24.06.2024 06:29:36.154,35.170320000000004,35.12921,900,900
24.06.2024 06:29:37.157,35.170320000000004,35.12913,900,900
24.06.2024 06:29:38.160,35.170320000000004,35.12901,900,900
24.06.2024 06:29:39.415,35.170320000000004,35.129490000000004,900,900
24.06.2024 06:29:40.469,35.170320000000004,35.12948,900,900
24.06.2024 06:29:41.573,35.170320000000004,35.129200000000004,900,900
24.06.2024 06:29:41.775,35.170320000000004,35.129200000000004,900,900
24.06.2024 06:29:42.730,35.170320000000004,35.12938,900,900
24.06.2024 06:29:42.781,35.17261,35.12938,450,900
24.06.2024 06:29:42.881,35.17409000000001,35.12938,900,900
24.06.2024 06:29:43.784,35.17409000000001,35.1299,900,900
24.06.2024 06:29:44.838,35.17409000000001,35.12993,900,900
24.06.2024 06:29:45.891,35.17409000000001,35.129650000000005,900,900
24.06.2024 06:29:46.897,35.17409000000001,35.12993,900,900
24.06.2024 06:29:47.948,35.17409000000001,35.12997,900,900
24.06.2024 06:29:48.949,35.17409000000001,35.12993,900,900
24.06.2024 06:29:50.003,35.17409000000001,35.12997,900,900
24.06.2024 06:29:51.106,35.17409000000001,35.12976,900,900
24.06.2024 06:29:52.094,35.17409000000001,35.129270000000005,900,900
24.06.2024 06:29:53.096,35.17409000000001,35.12933,900,900
24.06.2024 06:29:53.851,35.172320000000006,35.12933,900,900
24.06.2024 06:29:53.953,35.17243,35.12933,900,900
24.06.2024 06:29:54.005,35.17243,35.12429,900,900
24.06.2024 06:29:54.058,35.17213,35.124590000000005,450,900
24.06.2024 06:29:54.159,35.16901,35.12621,900,900
24.06.2024 06:29:54.209,35.16901,35.125040000000006,900,450
24.06.2024 06:29:54.260,35.16901,35.12429,900,1020
24.06.2024 06:29:54.361,35.16901,35.12749,900,900
24.06.2024 06:29:54.562,35.16753,35.12749,900,900
24.06.2024 06:29:54.965,35.16753,35.125040000000006,900,450
24.06.2024 06:29:55.166,35.16753,35.12539,900,450
24.06.2024 06:29:55.918,35.16753,35.127320000000005,900,900
24.06.2024 06:29:56.219,35.16753,35.12539,900,450
24.06.2024 06:29:56.319,35.16753,35.12727,900,900
24.06.2024 06:29:57.823,35.16753,35.126920000000005,900,900
24.06.2024 06:29:58.478,35.16753,35.12389,900,900
24.06.2024 06:29:59.031,35.16976,35.12389,900,900
24.06.2024 06:29:59.132,35.16976,35.12655,900,900
24.06.2024 06:29:59.233,35.16756,35.12655,450,900
24.06.2024 06:29:59.334,35.16765,35.12655,900,900
24.06.2024 06:29:59.835,35.1677,35.12655,450,900
24.06.2024 06:29:59.936,35.16765,35.12655,900,900
24.06.2024 06:30:00.087,35.16765,35.12389,900,900
24.06.2024 06:30:00.138,35.168670000000006,35.12355,450,900
24.06.2024 06:30:01.042,35.17593,35.14165,450,450
24.06.2024 06:30:02.347,35.177350000000004,35.14374,450,450
24.06.2024 06:30:12.625,35.177459999999996,35.13832,450,900
24.06.2024 06:30:12.976,35.17936,35.14293,450,450
24.06.2024 06:30:13.077,35.18018,35.144870000000004,450,450
24.06.2024 06:30:13.178,35.18038,35.14281,450,450
24.06.2024 06:30:13.479,35.17998,35.14459,450,450
24.06.2024 06:30:14.984,35.18054,35.142970000000005,450,450
24.06.2024 06:30:17.540,35.18048,35.1389,450,900
24.06.2024 06:30:18.142,35.18063,35.14267,450,450
24.06.2024 06:30:18.344,35.180730000000004,35.14267,450,450
24.06.2024 06:30:18.445,35.18056,35.13886,450,900
24.06.2024 06:30:18.946,35.18072,35.14273,450,450
24.06.2024 06:30:19.348,35.18047,35.13886,450,900
24.06.2024 06:30:19.449,35.18076,35.144400000000005,450,450
24.06.2024 06:30:19.550,35.18047,35.138850000000005,450,900
24.06.2024 06:30:22.416,35.18068,35.143570000000004,450,450
24.06.2024 06:30:22.516,35.18058,35.13882,450,900
24.06.2024 06:30:23.419,35.18076,35.1424,450,450
24.06.2024 06:30:27.480,35.1802,35.13882,450,900
24.06.2024 06:30:28.083,35.18043,35.14249,450,450
24.06.2024 06:30:28.184,35.18053,35.14408,450,450
24.06.2024 06:30:28.385,35.18061,35.14216,450,450
24.06.2024 06:30:28.586,35.18043,35.13981,450,900
24.06.2024 06:30:28.740,35.18072,35.14377,450,450
24.06.2024 06:30:28.791,35.1805,35.13886,450,900
24.06.2024 06:30:28.992,35.18071,35.14243,450,450
24.06.2024 06:30:30.344,35.18031,35.13886,450,900
24.06.2024 06:30:30.445,35.18031,35.13915,450,450
24.06.2024 06:30:30.546,35.18047,35.13873,450,900
24.06.2024 06:30:30.647,35.18026,35.13873,450,900
24.06.2024 06:30:36.962,35.1804,35.142320000000005,450,450
24.06.2024 06:30:37.771,35.18065,35.1445,450,450
24.06.2024 06:30:37.972,35.18031,35.1389,450,900
24.06.2024 06:30:38.976,35.18133,35.14172,450,450
24.06.2024 06:30:39.077,35.181450000000005,35.14052,450,900
24.06.2024 06:30:39.177,35.181450000000005,35.14009,450,450
24.06.2024 06:30:39.278,35.18137,35.139970000000005,450,450
24.06.2024 06:30:39.379,35.18115,35.14036,450,900
24.06.2024 06:30:39.480,35.18117,35.14036,450,900
24.06.2024 06:30:39.681,35.18117,35.140890000000006,450,900
24.06.2024 06:30:39.832,35.18106,35.144940000000005,450,450
24.06.2024 06:30:39.883,35.18116,35.13989,450,450
24.06.2024 06:30:40.985,35.181470000000004,35.145140000000005,450,450
24.06.2024 06:30:41.136,35.181450000000005,35.14295,450,450
24.06.2024 06:30:42.340,35.18157,35.14307,450,450
24.06.2024 06:30:43.142,35.18113,35.13961,450,900
24.06.2024 06:30:43.443,35.18113,35.1398,450,900
24.06.2024 06:30:43.544,35.18068,35.139,450,900
24.06.2024 06:30:44.046,35.18068,35.13948,450,450
24.06.2024 06:30:44.147,35.179970000000004,35.14124,450,450
24.06.2024 06:30:44.348,35.17987,35.1405,450,900
24.06.2024 06:30:44.751,35.18099,35.14387,450,450
24.06.2024 06:30:44.852,35.19792,35.14949000000001,900,900
24.06.2024 06:30:44.953,35.19792,35.149570000000004,900,450
24.06.2024 06:30:45.354,35.18446,35.14959,450,450
24.06.2024 06:30:47.009,35.18446,35.150400000000005,450,900
24.06.2024 06:30:47.110,35.18446,35.15051,450,900
24.06.2024 06:30:48.114,35.18446,35.15088,450,900
24.06.2024 06:30:49.167,35.18446,35.15122,450,900
24.06.2024 06:30:51.121,35.18446,35.15135,450,900
24.06.2024 06:30:52.375,35.18446,35.15119000000001,450,900
24.06.2024 06:30:53.378,35.18446,35.151590000000006,450,900
24.06.2024 06:30:53.880,35.190270000000005,35.14952,900,900
24.06.2024 06:30:59.750,35.18629000000001,35.15234,450,450
24.06.2024 06:31:02.310,35.18535,35.15181,450,450
24.06.2024 06:31:05.867,35.18535,35.151559999999996,450,450
24.06.2024 06:31:08.076,35.18538,35.151340000000005,450,450
24.06.2024 06:31:08.477,35.18943,35.15115,900,450
24.06.2024 06:31:09.730,35.18529,35.15116,450,450
24.06.2024 06:31:10.732,35.18943,35.153270000000006,900,450
24.06.2024 06:31:11.033,35.19086,35.15115,900,900
24.06.2024 06:31:11.235,35.18554,35.15274,450,450
24.06.2024 06:31:11.336,35.18554,35.151390000000006,450,450
24.06.2024 06:31:11.737,35.18554,35.152890000000006,450,900
24.06.2024 06:31:11.988,35.19086,35.15314,900,450
24.06.2024 06:31:12.289,35.19277,35.15314,900,450
24.06.2024 06:31:12.390,35.19277,35.15116,900,900
24.06.2024 06:31:12.791,35.184920000000005,35.15316,450,450
24.06.2024 06:31:13.393,35.19277,35.15116,900,900
24.06.2024 06:31:13.694,35.19277,35.15318,900,450
24.06.2024 06:31:13.895,35.19277,35.15116,900,900
24.06.2024 06:31:14.096,35.19277,35.1533,900,450
24.06.2024 06:31:15.499,35.190850000000005,35.1533,900,450
24.06.2024 06:31:21.018,35.190850000000005,35.15122,900,450
24.06.2024 06:31:21.971,35.190850000000005,35.15311,900,450
24.06.2024 06:31:22.172,35.18927,35.151520000000005,900,450
24.06.2024 06:31:22.473,35.189659999999996,35.151520000000005,900,450
24.06.2024 06:31:22.975,35.19039,35.151520000000005,900,450
24.06.2024 06:31:24.277,35.19048,35.152570000000004,900,450
24.06.2024 06:31:25.030,35.19048,35.151520000000005,900,450
24.06.2024 06:31:25.432,35.18925,35.15301,900,900
24.06.2024 06:31:27.939,35.1912,35.152390000000004,900,450
24.06.2024 06:31:28.041,35.1912,35.15513,900,900
24.06.2024 06:31:28.141,35.18951,35.15245,900,450
24.06.2024 06:31:28.770,35.19183,35.15245,900,450
24.06.2024 06:31:28.972,35.19183,35.15281,900,900
24.06.2024 06:31:31.380,35.18867,35.15245,900,450
24.06.2024 06:31:31.481,35.18867,35.15019,900,450
24.06.2024 06:31:31.582,35.18701,35.15019,900,450
24.06.2024 06:31:32.085,35.187340000000006,35.151770000000006,900,450
24.06.2024 06:31:34.240,35.18761,35.151770000000006,900,450
24.06.2024 06:31:34.341,35.18967,35.15227,900,450
24.06.2024 06:31:34.642,35.18397,35.15078,450,450
24.06.2024 06:31:34.843,35.18263,35.15429,450,450
24.06.2024 06:31:34.944,35.18823,35.15083,900,450
24.06.2024 06:31:35.044,35.18823,35.152370000000005,900,450
24.06.2024 06:31:35.345,35.18823,35.15084,900,450
24.06.2024 06:31:37.703,35.18823,35.1539,900,450
24.06.2024 06:31:40.313,35.18916,35.154340000000005,900,450
24.06.2024 06:31:40.517,35.18916,35.1546,900,450
24.06.2024 06:31:40.618,35.18531,35.154340000000005,450,450
24.06.2024 06:31:40.719,35.18517,35.15433,450,450
24.06.2024 06:31:40.820,35.18525,35.15426,450,450
24.06.2024 06:31:41.021,35.20001,35.15334000000001,900,450
24.06.2024 06:31:41.122,35.189490000000006,35.15341,900,450
24.06.2024 06:31:41.223,35.18875,35.15341,900,450
24.06.2024 06:31:41.424,35.18866,35.15341,900,450
24.06.2024 06:31:41.525,35.18508,35.1535,450,450
24.06.2024 06:31:41.926,35.18508,35.153740000000006,450,450
24.06.2024 06:31:42.379,35.16571,35.153740000000006,900,450
24.06.2024 06:31:42.480,35.16571,35.149170000000005,900,900
24.06.2024 06:31:42.581,35.16571,35.141980000000004,900,450
24.06.2024 06:31:42.682,35.16443,35.140859999999996,900,450
24.06.2024 06:31:42.733,35.16295,35.13814000000001,450,450
24.06.2024 06:31:43.184,35.16214,35.13836,450,900
24.06.2024 06:31:43.385,35.162440000000004,35.138070000000006,450,450
24.06.2024 06:31:43.486,35.16193,35.13835,450,450
24.06.2024 06:31:43.587,35.16193,35.13648,450,450
24.06.2024 06:31:43.687,35.16193,35.13766,450,450
24.06.2024 06:31:43.789,35.16193,35.13649,450,900
24.06.2024 06:31:43.890,35.16193,35.13759,450,450
24.06.2024 06:31:44.091,35.161820000000006,35.13808,450,900
24.06.2024 06:31:44.192,35.16198,35.13808,450,900
24.06.2024 06:31:44.794,35.16173,35.13808,450,900
24.06.2024 06:31:44.895,35.16173,35.13774,450,900
24.06.2024 06:31:44.996,35.16191,35.13774,450,900
24.06.2024 06:31:45.097,35.16191,35.13879000000001,450,900
24.06.2024 06:31:46.602,35.16142,35.13879000000001,450,900
24.06.2024 06:31:47.305,35.161620000000006,35.13879000000001,450,900
24.06.2024 06:31:48.058,35.161840000000005,35.13879000000001,450,900
24.06.2024 06:31:50.465,35.161840000000005,35.13731,450,900
24.06.2024 06:31:50.566,35.16321,35.13731,450,900
24.06.2024 06:31:50.767,35.162800000000004,35.13674,450,450
24.06.2024 06:31:50.868,35.162800000000004,35.13688,450,450
24.06.2024 06:31:51.170,35.162800000000004,35.13731,450,900
24.06.2024 06:31:51.672,35.16306,35.13731,450,900
24.06.2024 06:31:54.933,35.16285,35.13731,450,900
24.06.2024 06:31:58.092,35.163450000000005,35.13734,450,450
24.06.2024 06:31:58.694,35.163450000000005,35.13731,450,900
24.06.2024 06:32:00.000,35.163450000000005,35.13794000000001,450,450
24.06.2024 06:32:00.402,35.16621,35.13671,900,450
24.06.2024 06:32:00.954,35.166109999999996,35.13671,900,450
24.06.2024 06:32:02.006,35.166109999999996,35.137280000000004,900,900
24.06.2024 06:32:04.015,35.16671,35.137280000000004,900,900
24.06.2024 06:32:04.217,35.16741,35.137280000000004,900,900
24.06.2024 06:32:04.369,35.16741,35.1391,900,900
24.06.2024 06:32:07.226,35.16741,35.138709999999996,900,900
24.06.2024 06:32:07.277,35.16701,35.138709999999996,900,900
24.06.2024 06:32:14.091,35.166109999999996,35.138709999999996,900,900
24.06.2024 06:32:14.193,35.166109999999996,35.13897,900,900
24.06.2024 06:32:14.395,35.166109999999996,35.13836,900,900
24.06.2024 06:32:26.623,35.1657,35.139570000000006,900,900
24.06.2024 06:32:31.183,35.16687,35.14016,900,450
24.06.2024 06:32:31.284,35.16687,35.14059,900,900
24.06.2024 06:32:32.789,35.16812,35.141270000000006,900,450
24.06.2024 06:32:33.291,35.16812,35.14184,900,900
24.06.2024 06:32:40.058,35.16935,35.142630000000004,900,450
24.06.2024 06:32:40.159,35.16773,35.142630000000004,450,450
24.06.2024 06:32:40.561,35.16773,35.14249,450,450
24.06.2024 06:32:40.862,35.16773,35.14306,450,900
24.06.2024 06:32:46.250,35.17171,35.14152,900,450
24.06.2024 06:32:46.302,35.17174000000001,35.14152,450,450
24.06.2024 06:32:46.353,35.17071,35.148070000000004,450,450
24.06.2024 06:32:46.657,35.17331,35.14011,450,450
24.06.2024 06:32:46.758,35.186350000000004,35.14011,450,450
24.06.2024 06:32:46.959,35.186350000000004,35.14111,450,450
24.06.2024 06:32:47.160,35.18961,35.14281,450,450
24.06.2024 06:32:47.461,35.1867,35.14281,900,450
24.06.2024 06:32:47.762,35.18961,35.14281,450,450
24.06.2024 06:32:47.863,35.19043,35.14172,450,450
24.06.2024 06:32:48.164,35.18531,35.14172,900,450
24.06.2024 06:32:48.266,35.18531,35.14231,900,450
24.06.2024 06:32:48.467,35.18504,35.14231,450,450
24.06.2024 06:32:48.568,35.18378,35.1423,450,450
24.06.2024 06:32:51.224,35.18567,35.13904,450,900
24.06.2024 06:32:52.026,35.186550000000004,35.13931,450,900
24.06.2024 06:32:52.428,35.18676,35.14087,450,450
24.06.2024 06:32:52.629,35.17471,35.14087,900,450
24.06.2024 06:32:52.730,35.17471,35.13987,900,450
24.06.2024 06:32:52.830,35.173770000000005,35.141040000000004,450,450
24.06.2024 06:32:52.931,35.17052,35.141040000000004,450,450
24.06.2024 06:32:53.032,35.170570000000005,35.14206,450,900
24.06.2024 06:32:53.133,35.17278,35.14206,450,900
24.06.2024 06:32:53.234,35.1704,35.14206,450,900
24.06.2024 06:32:53.535,35.17024000000001,35.14206,450,900
24.06.2024 06:32:53.737,35.17055,35.14206,450,900
24.06.2024 06:32:54.389,35.17054,35.14206,450,900
24.06.2024 06:32:55.192,35.17053,35.141940000000005,450,450
24.06.2024 06:32:55.293,35.17053,35.14193,450,450
24.06.2024 06:32:55.495,35.170300000000005,35.14193,450,450
24.06.2024 06:32:55.596,35.170300000000005,35.1425,450,900
24.06.2024 06:32:55.697,35.17026,35.1425,450,900
24.06.2024 06:32:55.898,35.17026,35.14202,450,900
24.06.2024 06:32:58.655,35.17026,35.141920000000006,450,900
24.06.2024 06:32:59.357,35.17026,35.141890000000004,450,900
24.06.2024 06:32:59.558,35.17026,35.14188,450,900
24.06.2024 06:32:59.659,35.17026,35.14176,450,900
24.06.2024 06:32:59.961,35.17026,35.14177,450,900
24.06.2024 06:33:00.062,35.17026,35.1413,450,450
24.06.2024 06:33:00.163,35.17026,35.14161,450,900
24.06.2024 06:33:00.364,35.17026,35.14172,450,900
24.06.2024 06:33:18.111,35.16902,35.14172,450,900
24.06.2024 06:33:22.974,35.16902,35.14172,450,900
24.06.2024 06:33:30.765,35.16902,35.14172,450,900
24.06.2024 06:33:31.017,35.1679,35.14172,450,900
24.06.2024 06:33:34.177,35.1679,35.14139,450,900
24.06.2024 06:33:35.181,35.16876,35.14047,450,900
24.06.2024 06:33:36.234,35.16876,35.14138,450,450
24.06.2024 06:33:36.335,35.16884,35.14138,450,450
24.06.2024 06:33:41.399,35.16884,35.14138,450,450
24.06.2024 06:33:41.500,35.16897,35.14576,450,450
24.06.2024 06:33:41.600,35.17014,35.14576,450,450
24.06.2024 06:33:42.103,35.17014,35.14633,450,900
24.06.2024 06:33:45.762,35.17014,35.144070000000006,450,450
24.06.2024 06:33:45.863,35.169970000000006,35.14184,450,450
24.06.2024 06:33:46.165,35.169970000000006,35.1421,450,450
24.06.2024 06:33:46.366,35.169970000000006,35.14224,450,450
24.06.2024 06:33:47.821,35.16876,35.14224,450,450
24.06.2024 06:33:48.825,35.16876,35.14143,450,450
24.06.2024 06:33:48.929,35.16751,35.14128,450,900
24.06.2024 06:34:02.760,35.16865,35.14132,450,450
24.06.2024 06:34:13.959,35.16748,35.14128,450,900
24.06.2024 06:34:47.150,35.16748,35.14264000000001,450,900
24.06.2024 06:34:47.251,35.1687,35.14264000000001,450,900
24.06.2024 06:34:55.397,35.1687,35.14134000000001,450,450
24.06.2024 06:34:58.158,35.1687,35.14264000000001,450,900
24.06.2024 06:35:08.442,35.1687,35.14327,450,900
24.06.2024 06:35:10.548,35.16989,35.14327,450,900
24.06.2024 06:35:17.064,35.17049,35.14361,450,450
24.06.2024 06:35:19.672,35.16989,35.14428,450,450
24.06.2024 06:35:19.773,35.170609999999996,35.14405,450,450
24.06.2024 06:35:19.874,35.17068,35.14419,450,450
24.06.2024 06:35:20.075,35.170440000000006,35.14462,450,900
24.06.2024 06:35:20.176,35.170820000000006,35.14462,450,900
24.06.2024 06:35:20.427,35.17053,35.14462,450,900
24.06.2024 06:35:20.528,35.17085,35.14462,450,900
24.06.2024 06:35:20.629,35.1702,35.14462,450,900
24.06.2024 06:35:31.871,35.17058,35.14462,450,900
24.06.2024 06:35:32.072,35.17058,35.14542,450,450
24.06.2024 06:35:32.224,35.17058,35.145990000000005,450,900
24.06.2024 06:35:46.961,35.17058,35.144800000000004,450,900
24.06.2024 06:35:56.881,35.17058,35.14611,450,900
24.06.2024 06:35:56.984,35.17157,35.14744,450,900
24.06.2024 06:35:57.036,35.17293,35.14744,450,900
24.06.2024 06:35:57.137,35.17318,35.14744,450,900
24.06.2024 06:35:58.042,35.17201,35.14744,450,900
24.06.2024 06:36:25.027,35.17551,35.14744,900,900
24.06.2024 06:36:25.429,35.17685,35.14683,900,900
24.06.2024 06:36:33.429,35.17641,35.14683,900,900
24.06.2024 06:36:33.581,35.175650000000005,35.14715,900,900
24.06.2024 06:37:14.343,35.174640000000004,35.14571,450,900
24.06.2024 06:37:30.531,35.17421,35.14571,900,900
24.06.2024 06:37:33.488,35.17405,35.14571,900,900
24.06.2024 06:37:35.893,35.17291,35.144420000000004,450,450
24.06.2024 06:37:38.351,35.171670000000006,35.143170000000005,900,900
24.06.2024 06:37:53.891,35.171670000000006,35.143170000000005,900,900
24.06.2024 06:37:54.144,35.17291,35.14385,900,450
24.06.2024 06:37:54.247,35.17291,35.144420000000004,900,900
24.06.2024 06:37:58.409,35.174290000000006,35.145790000000005,900,900
24.06.2024 06:38:06.424,35.174290000000006,35.145790000000005,900,900
24.06.2024 06:38:15.797,35.175720000000005,35.14666,900,450
24.06.2024 06:38:15.899,35.175720000000005,35.14723,900,900
24.06.2024 06:38:24.628,35.17701,35.14795,900,450
24.06.2024 06:38:25.631,35.178270000000005,35.149770000000004,900,900
24.06.2024 06:38:30.093,35.17946,35.15061,450,450
24.06.2024 06:38:30.194,35.17954,35.15061,900,450
24.06.2024 06:38:30.711,35.17954,35.15104,900,900
24.06.2024 06:38:31.016,35.178740000000005,35.14981,450,900
24.06.2024 06:38:31.117,35.178309999999996,35.14981,900,900
24.06.2024 06:38:36.282,35.17699,35.14849,900,900
24.06.2024 06:38:40.592,35.17371,35.14849,900,900
24.06.2024 06:38:40.693,35.17361,35.14849,900,900
24.06.2024 06:38:40.744,35.17329,35.14803,900,900
24.06.2024 06:38:43.801,35.17301,35.14803,900,900
24.06.2024 06:38:45.256,35.17261,35.14803,900,900
24.06.2024 06:38:45.307,35.17329,35.14803,900,900
24.06.2024 06:38:55.082,35.17301,35.14803,900,900
24.06.2024 06:38:55.183,35.172450000000005,35.14803,900,900
24.06.2024 06:38:55.283,35.17261,35.14803,900,900
24.06.2024 06:38:55.685,35.172450000000005,35.14803,900,900
24.06.2024 06:38:57.341,35.17219,35.14694,900,900
24.06.2024 06:39:01.402,35.17101,35.14694,900,900
24.06.2024 06:39:01.452,35.17191,35.14694,900,900
24.06.2024 06:39:01.503,35.17108,35.145830000000004,900,900
24.06.2024 06:39:05.464,35.17212,35.146300000000004,900,450
24.06.2024 06:39:05.766,35.17212,35.14687,900,900
24.06.2024 06:39:42.376,35.17101,35.14687,900,900
24.06.2024 06:39:42.431,35.17091,35.14566,900,900
24.06.2024 06:39:42.533,35.17085,35.14566,900,900
24.06.2024 06:39:43.638,35.17091,35.14566,900,900
24.06.2024 06:39:44.341,35.17085,35.14566,900,900
24.06.2024 06:39:50.099,35.170609999999996,35.14566,900,900
24.06.2024 06:39:50.301,35.17085,35.14566,900,900
24.06.2024 06:39:52.704,35.170609999999996,35.14566,900,900
24.06.2024 06:39:52.872,35.17045,35.14566,900,900
24.06.2024 06:39:59.189,35.170609999999996,35.14566,900,900
24.06.2024 06:39:59.290,35.17045,35.14566,900,900
24.06.2024 06:40:00.146,35.16901,35.14459,900,900
24.06.2024 06:40:00.197,35.16901,35.14325,900,900
24.06.2024 06:40:00.299,35.16885,35.14325,900,900
24.06.2024 06:40:00.399,35.16901,35.14325,900,900
24.06.2024 06:40:00.500,35.16885,35.14325,900,900
24.06.2024 06:40:00.801,35.16901,35.14325,900,900
24.06.2024 06:40:01.002,35.16885,35.14325,900,900
24.06.2024 06:40:01.103,35.16885,35.14306,900,900
24.06.2024 06:40:01.405,35.16874000000001,35.14306,450,900
24.06.2024 06:40:01.906,35.16861,35.14306,900,900
24.06.2024 06:40:05.864,35.16801,35.14306,900,900
24.06.2024 06:40:06.566,35.16805,35.14306,900,900
24.06.2024 06:40:06.617,35.16831,35.14306,900,900
24.06.2024 06:40:06.868,35.16771,35.14306,900,900
24.06.2024 06:40:07.069,35.16765,35.14306,900,900
24.06.2024 06:40:13.136,35.167609999999996,35.14306,900,900
24.06.2024 06:40:13.237,35.16718,35.14193,900,900
24.06.2024 06:40:15.142,35.16868,35.14193,900,900
24.06.2024 06:40:15.344,35.16868,35.142320000000005,900,900
24.06.2024 06:40:15.746,35.17005,35.142320000000005,900,900
24.06.2024 06:40:19.859,35.17005,35.14244,900,900
24.06.2024 06:40:25.122,35.17005,35.14244,900,900
24.06.2024 06:40:28.279,35.170320000000004,35.14315,900,450
24.06.2024 06:40:34.920,35.170320000000004,35.14372,900,900
24.06.2024 06:40:36.527,35.171420000000005,35.14483,900,900
24.06.2024 06:40:41.391,35.17349,35.14411,900,900
24.06.2024 06:40:41.492,35.1738,35.141420000000004,900,900
24.06.2024 06:40:41.593,35.1738,35.14226,900,450
24.06.2024 06:40:41.694,35.1738,35.1424,900,450
24.06.2024 06:40:42.096,35.1742,35.144330000000004,900,900
24.06.2024 06:40:46.908,35.17363,35.145270000000004,450,900
24.06.2024 06:40:47.111,35.173770000000005,35.145270000000004,450,900
24.06.2024 06:41:04.804,35.17311,35.145270000000004,900,900
24.06.2024 06:41:04.906,35.17201,35.14414000000001,900,900
24.06.2024 06:41:10.722,35.17067,35.1428,900,900
24.06.2024 06:41:15.146,35.17067,35.1428,900,900
24.06.2024 06:41:25.469,35.17067,35.1428,900,900
24.06.2024 06:41:26.273,35.16981,35.1428,900,900
24.06.2024 06:41:26.325,35.16981,35.14161,900,900
24.06.2024 06:41:26.431,35.169650000000004,35.14161,1350,900
24.06.2024 06:41:28.235,35.16991,35.14161,450,900
24.06.2024 06:41:58.586,35.16981,35.14161,900,900
24.06.2024 06:41:58.688,35.169650000000004,35.14161,1800,900
24.06.2024 06:41:58.788,35.16991,35.14161,450,900
24.06.2024 06:41:58.889,35.16981,35.14161,900,900
24.06.2024 06:41:58.990,35.169650000000004,35.14161,900,900
24.06.2024 06:42:03.648,35.16831,35.14028,900,900
24.06.2024 06:42:59.893,35.169520000000006,35.14165,900,900
24.06.2024 06:43:10.832,35.16941,35.14165,900,900
24.06.2024 06:43:10.934,35.16941,35.14034,900,900
24.06.2024 06:43:11.637,35.16937,35.14034,450,900
24.06.2024 06:43:12.239,35.17048,35.1425,450,900
24.06.2024 06:43:12.340,35.170790000000004,35.1425,900,900
24.06.2024 06:43:28.632,35.171290000000006,35.1432,900,900
24.06.2024 06:43:29.337,35.17125,35.1432,1800,900
24.06.2024 06:43:30.190,35.17101,35.1432,900,900
24.06.2024 06:43:30.241,35.17125,35.1432,1350,900
24.06.2024 06:43:30.492,35.17101,35.1432,900,900
24.06.2024 06:43:30.543,35.17125,35.1432,1800,900
24.06.2024 06:43:33.902,35.17101,35.1432,900,900
24.06.2024 06:43:34.053,35.17085,35.1432,1800,900
24.06.2024 06:43:34.354,35.17101,35.1432,900,900
24.06.2024 06:43:34.455,35.17085,35.1432,1800,900
24.06.2024 06:43:34.657,35.17101,35.1432,900,900
24.06.2024 06:43:34.757,35.17085,35.1432,1800,900
24.06.2024 06:43:34.958,35.17101,35.1432,900,900
24.06.2024 06:43:36.413,35.17085,35.1432,900,900
24.06.2024 06:43:36.514,35.17101,35.1432,900,900
24.06.2024 06:43:39.121,35.17085,35.1432,1350,900
24.06.2024 06:43:39.372,35.17101,35.1432,900,900
24.06.2024 06:43:39.774,35.17085,35.1432,1350,900
24.06.2024 06:43:39.875,35.17101,35.1432,900,900
24.06.2024 06:43:40.276,35.17085,35.1432,1350,900
24.06.2024 06:43:40.578,35.17101,35.1432,900,900
24.06.2024 06:43:42.233,35.17125,35.1432,1800,900
24.06.2024 06:43:54.066,35.171290000000006,35.1432,900,900
24.06.2024 06:43:58.932,35.172380000000004,35.14428,450,900
24.06.2024 06:43:59.034,35.17374,35.145120000000006,450,450
24.06.2024 06:43:59.135,35.173809999999996,35.145120000000006,900,450
24.06.2024 06:43:59.237,35.173809999999996,35.14555,900,900
24.06.2024 06:44:12.466,35.173809999999996,35.14555,900,900
24.06.2024 06:44:22.887,35.173809999999996,35.14555,900,900
24.06.2024 06:44:34.976,35.173809999999996,35.14555,900,900
24.06.2024 06:44:35.731,35.172520000000006,35.14468,900,900
24.06.2024 06:44:43.355,35.17373,35.14546,900,450
24.06.2024 06:44:43.657,35.17373,35.145320000000005,900,450
24.06.2024 06:44:46.513,35.17373,35.14589,900,900
24.06.2024 06:44:46.614,35.17241,35.14457,900,900
24.06.2024 06:44:49.272,35.17376,35.14591,900,900
24.06.2024 06:45:05.736,35.173100000000005,35.14485,450,900
24.06.2024 06:45:06.441,35.17253,35.14485,900,900
24.06.2024 06:45:08.445,35.17191,35.14366,450,900
24.06.2024 06:45:11.002,35.172520000000006,35.144709999999996,900,900
24.06.2024 06:45:18.667,35.172520000000006,35.144709999999996,900,900
24.06.2024 06:45:32.360,35.172520000000006,35.144709999999996,900,900
24.06.2024 06:45:32.411,35.17121,35.14336,900,900
24.06.2024 06:45:41.881,35.170609999999996,35.14213,450,900
24.06.2024 06:45:42.082,35.17075,35.14213,450,900
24.06.2024 06:45:49.369,35.17075,35.14213,450,900
24.06.2024 06:45:56.836,35.17018,35.14213,900,900
24.06.2024 06:46:02.201,35.17018,35.14156,900,450
24.06.2024 06:46:02.303,35.1689,35.14105,900,900
24.06.2024 06:46:04.759,35.16814,35.13986,450,900
24.06.2024 06:46:04.860,35.16771,35.13986,900,900
24.06.2024 06:46:22.452,35.16771,35.13986,900,900
24.06.2024 06:46:34.784,35.16771,35.13986,900,900
24.06.2024 06:46:45.507,35.16771,35.13986,900,900
24.06.2024 06:47:04.729,35.16724000000001,35.139559999999996,900,900
24.06.2024 06:47:10.142,35.16724000000001,35.139559999999996,900,900
24.06.2024 06:47:10.244,35.16921,35.13814000000001,900,900
24.06.2024 06:47:21.872,35.16921,35.13814000000001,900,900
24.06.2024 06:47:30.943,35.16921,35.13814000000001,900,900
24.06.2024 06:47:48.198,35.16921,35.13814000000001,900,900
24.06.2024 06:48:04.084,35.16921,35.13814000000001,900,900
24.06.2024 06:48:04.189,35.167790000000004,35.13702,900,900
24.06.2024 06:48:05.293,35.16631,35.135540000000006,900,900
24.06.2024 06:48:14.312,35.16631,35.135690000000004,900,900
24.06.2024 06:48:14.413,35.166070000000005,35.13706,900,450
24.06.2024 06:48:14.514,35.166450000000005,35.13888,900,900
24.06.2024 06:48:14.816,35.16715,35.13726,450,450
24.06.2024 06:48:15.017,35.16639000000001,35.13832,900,450
24.06.2024 06:48:15.318,35.16639000000001,35.13889,900,900
24.06.2024 06:48:15.920,35.166959999999996,35.13691,900,900
24.06.2024 06:48:16.923,35.16669,35.13915,450,900
24.06.2024 06:48:17.125,35.166850000000004,35.13693,900,900
24.06.2024 06:48:18.178,35.16668,35.138709999999996,450,450
24.06.2024 06:48:18.954,35.166850000000004,35.13692,900,900
24.06.2024 06:48:20.007,35.16663,35.13838,450,450
24.06.2024 06:48:20.609,35.16666,35.13671,900,900
24.06.2024 06:48:21.512,35.1665,35.13853,450,450
24.06.2024 06:48:21.914,35.16682,35.13687,900,900
24.06.2024 06:48:22.967,35.166790000000006,35.138540000000006,450,450
24.06.2024 06:48:23.672,35.166790000000006,35.13911,450,900
24.06.2024 06:48:23.974,35.16722,35.13725,900,900
24.06.2024 06:48:24.976,35.167190000000005,35.138940000000005,450,450
24.06.2024 06:48:25.177,35.16369,35.1364,450,900
24.06.2024 06:48:25.278,35.162220000000005,35.13589,450,450
24.06.2024 06:48:28.035,35.16329,35.13589,450,450
24.06.2024 06:48:29.339,35.16329,35.13649,450,900
24.06.2024 06:48:29.441,35.16329,35.136990000000004,450,900
24.06.2024 06:48:29.543,35.1635,35.13729000000001,900,900
24.06.2024 06:48:29.944,35.1635,35.13715,900,900
24.06.2024 06:48:29.995,35.1635,35.137690000000006,900,900
24.06.2024 06:48:30.146,35.1635,35.13729000000001,900,900
24.06.2024 06:48:30.247,35.1635,35.137690000000006,900,900
24.06.2024 06:48:34.105,35.1635,35.13799,900,900
24.06.2024 06:48:34.206,35.1648,35.137950000000004,900,900
24.06.2024 06:48:34.257,35.1648,35.13899000000001,900,900
24.06.2024 06:48:34.358,35.1648,35.13875,900,900
24.06.2024 06:48:34.409,35.165690000000005,35.13929,450,900
24.06.2024 06:48:34.510,35.16608,35.13929,900,900
24.06.2024 06:48:34.612,35.16608,35.13969,900,900
24.06.2024 06:48:34.713,35.16608,35.14029000000001,900,900
24.06.2024 06:48:34.814,35.16711,35.14011,450,900
24.06.2024 06:48:34.865,35.16711,35.14029000000001,450,900
24.06.2024 06:48:35.016,35.16725,35.140350000000005,900,900
24.06.2024 06:48:35.568,35.16725,35.14059,900,900
24.06.2024 06:48:35.719,35.16725,35.140750000000004,900,900
24.06.2024 06:48:35.820,35.16725,35.140350000000005,900,900
24.06.2024 06:48:37.323,35.16725,35.14059,900,900
24.06.2024 06:48:37.424,35.16725,35.140750000000004,900,900
24.06.2024 06:48:39.331,35.16725,35.140890000000006,900,900
24.06.2024 06:48:39.532,35.16725,35.140750000000004,900,900
24.06.2024 06:48:39.783,35.16725,35.140890000000006,900,900
24.06.2024 06:48:39.884,35.16725,35.140750000000004,900,900
24.06.2024 06:48:49.404,35.16725,35.14059,900,900
24.06.2024 06:48:49.504,35.16725,35.140750000000004,900,900
24.06.2024 06:48:55.735,35.16827,35.140750000000004,450,900
24.06.2024 06:48:55.836,35.16855,35.14059,450,900
24.06.2024 06:48:55.937,35.16855,35.140750000000004,450,900
24.06.2024 06:48:56.038,35.16855,35.14059,450,900
24.06.2024 06:48:56.239,35.16855,35.140750000000004,450,900
24.06.2024 06:48:59.197,35.16855,35.14029000000001,450,900
24.06.2024 06:48:59.252,35.16855,35.14059,450,900
24.06.2024 06:48:59.353,35.16855,35.140890000000006,450,900
24.06.2024 06:49:00.156,35.16855,35.140750000000004,450,900
24.06.2024 06:49:00.206,35.168940000000006,35.14115,900,900
24.06.2024 06:49:00.607,35.168940000000006,35.14155,900,900
24.06.2024 06:49:00.858,35.168940000000006,35.141890000000004,900,900
24.06.2024 06:49:01.311,35.168940000000006,35.14159,900,900
24.06.2024 06:49:01.912,35.168940000000006,35.14139,900,900
24.06.2024 06:49:01.963,35.16989,35.14148,450,900
24.06.2024 06:49:02.014,35.16989,35.14159,450,900
24.06.2024 06:49:02.716,35.16989,35.14148,450,900
24.06.2024 06:49:02.767,35.17018,35.143,900,450
24.06.2024 06:49:02.868,35.17018,35.14176,900,450
24.06.2024 06:49:03.674,35.168940000000006,35.14176,900,450
24.06.2024 06:49:04.380,35.16982,35.14176,900,450
24.06.2024 06:49:04.682,35.16982,35.14148,900,900
24.06.2024 06:49:06.597,35.16866,35.14148,900,900
24.06.2024 06:49:13.086,35.16919000000001,35.14148,900,900
