Gmt time,Ask,Bid,AskVolume,BidVolume
24.06.2024 00:00:00.085,97.72,97.708,1320.0001,1200
24.06.2024 00:00:00.188,97.72200000000001,97.71100000000001,1210,1200
24.06.2024 00:00:02.198,97.723,97.712,1200,1200
24.06.2024 00:00:02.751,97.72500000000001,97.715,1200,1200
24.06.2024 00:00:02.852,97.728,97.719,1200,1200
24.06.2024 00:00:02.954,97.73,97.721,1320.0001,1200
24.06.2024 00:00:04.361,97.73,97.719,1320.0001,1200
24.06.2024 00:00:05.668,97.73,97.721,1320.0001,1200
24.06.2024 00:00:08.838,97.73,97.71799999999999,1320.0001,1200
24.06.2024 00:00:08.889,97.726,97.71700000000001,1200,1200
24.06.2024 00:00:09.192,97.724,97.715,1200,1800
24.06.2024 00:00:10.098,97.72200000000001,97.713,1200,1200
24.06.2024 00:00:11.105,97.724,97.714,1200,1200
24.06.2024 00:00:11.206,97.72500000000001,97.715,1200,1120
24.06.2024 00:00:11.257,97.73,97.72,1620,1200
24.06.2024 00:00:11.360,97.73,97.72,1240,1200
24.06.2024 00:00:11.664,97.73,97.72,1120,1200
24.06.2024 00:00:12.930,97.726,97.71700000000001,1200,1200
24.06.2024 00:00:15.647,97.726,97.715,1200,1200
24.06.2024 00:00:15.850,97.728,97.71700000000001,1320.0001,1200
24.06.2024 00:00:16.506,97.729,97.719,1200,1200
24.06.2024 00:00:16.960,97.729,97.719,1320.0001,1200
24.06.2024 00:00:17.514,97.729,97.719,1320.0001,1200
24.06.2024 00:00:20.132,97.727,97.71799999999999,1200,1200
24.06.2024 00:00:20.634,97.728,97.719,1200,1200
24.06.2024 00:00:21.289,97.73,97.72,1200,1200
24.06.2024 00:00:23.103,97.735,97.727,1200,1200
24.06.2024 00:00:23.154,97.735,97.72500000000001,1200,1200
24.06.2024 00:00:23.306,97.73200000000001,97.72200000000001,1200,1200
24.06.2024 00:00:23.408,97.73100000000001,97.721,1200,1200
24.06.2024 00:00:23.912,97.729,97.719,1200,1200
24.06.2024 00:00:24.064,97.73100000000001,97.721,1200,1200
24.06.2024 00:00:25.473,97.73100000000001,97.721,1320.0001,1200
24.06.2024 00:00:26.128,97.73,97.72,1320.0001,1200
24.06.2024 00:00:26.280,97.729,97.71799999999999,1620,1200
24.06.2024 00:00:26.433,97.727,97.71700000000001,1210,1200
24.06.2024 00:00:26.736,97.726,97.71600000000001,1320.0001,1200
24.06.2024 00:00:28.698,97.727,97.71700000000001,1320.0001,1200
24.06.2024 00:00:29.202,97.729,97.719,1320.0001,1200
24.06.2024 00:00:29.354,97.728,97.71799999999999,1320.0001,1200
24.06.2024 00:00:30.362,97.726,97.71600000000001,1320.0001,1200
24.06.2024 00:00:31.973,97.73,97.72,1210,1200
24.06.2024 00:00:37.904,97.729,97.71799999999999,1200,1200
24.06.2024 00:00:38.157,97.728,97.71700000000001,1200,1200
24.06.2024 00:00:38.760,97.726,97.715,1200,1200
24.06.2024 00:00:43.086,97.727,97.71600000000001,1200,1200
24.06.2024 00:00:43.439,97.728,97.71799999999999,1200,1200
24.06.2024 00:00:45.050,97.73,97.719,1200,1200
24.06.2024 00:00:50.178,97.73100000000001,97.721,1200,1200
24.06.2024 00:00:50.280,97.73299999999999,97.723,1320.0001,1200
24.06.2024 00:00:50.582,97.73299999999999,97.723,1200,1200
24.06.2024 00:00:52.242,97.73299999999999,97.721,1200,1200
24.06.2024 00:00:52.393,97.73299999999999,97.723,1200,1200
24.06.2024 00:00:52.746,97.73299999999999,97.721,1200,1800
24.06.2024 00:00:53.149,97.73299999999999,97.723,1200,1200
24.06.2024 00:00:53.251,97.73299999999999,97.721,1200,1200
24.06.2024 00:00:53.452,97.73200000000001,97.72,1200,1800
24.06.2024 00:00:53.554,97.73100000000001,97.72,1200,1800
24.06.2024 00:00:53.605,97.73200000000001,97.72200000000001,1200,1500
24.06.2024 00:00:53.656,97.734,97.723,1200,1500
24.06.2024 00:00:53.707,97.73200000000001,97.72200000000001,1200,1200
24.06.2024 00:01:00.149,97.73100000000001,97.72200000000001,1320.0001,1200
24.06.2024 00:01:00.804,97.73200000000001,97.721,1240,1200
24.06.2024 00:01:02.917,97.73200000000001,97.72200000000001,1240,1200
24.06.2024 00:01:03.672,97.727,97.715,1240,1200
24.06.2024 00:01:04.076,97.726,97.71000000000001,1320.0001,2099.9999
24.06.2024 00:01:04.830,97.726,97.71000000000001,1320.0001,2099.9999
24.06.2024 00:01:05.284,97.727,97.71100000000001,1240,1500
24.06.2024 00:01:05.737,97.727,97.71100000000001,1240,1500
24.06.2024 00:01:06.342,97.724,97.71100000000001,1200,1500
24.06.2024 00:01:06.796,97.724,97.712,1200,1500
24.06.2024 00:01:06.899,97.724,97.712,1200,1200
24.06.2024 00:01:07.000,97.724,97.71000000000001,1200,1500
24.06.2024 00:01:07.253,97.723,97.709,1200,2099.9999
24.06.2024 00:01:07.455,97.71700000000001,97.704,1200,1500
24.06.2024 00:01:07.759,97.71799999999999,97.708,1200,1200
24.06.2024 00:01:08.817,97.71700000000001,97.706,1320.0001,1200
24.06.2024 00:01:10.025,97.71700000000001,97.706,1320.0001,1200
24.06.2024 00:01:10.127,97.71700000000001,97.706,1320.0001,1200
24.06.2024 00:01:12.037,97.713,97.704,1320.0001,1200
24.06.2024 00:01:12.490,97.713,97.704,1320.0001,1200
24.06.2024 00:01:13.497,97.713,97.704,1200,1200
24.06.2024 00:01:13.599,97.71700000000001,97.706,1320.0001,1200
24.06.2024 00:01:13.851,97.71700000000001,97.706,1320.0001,1200
24.06.2024 00:01:15.508,97.71700000000001,97.706,1320.0001,1200
24.06.2024 00:01:16.011,97.713,97.70299999999999,1200,1200
24.06.2024 00:01:16.415,97.715,97.706,1320.0001,1200
24.06.2024 00:01:16.516,97.715,97.704,1320.0001,1200
24.06.2024 00:01:17.371,97.715,97.704,1320.0001,1200
24.06.2024 00:01:18.277,97.715,97.704,1620,1200
24.06.2024 00:01:20.437,97.715,97.704,1620,1200
24.06.2024 00:01:21.293,97.715,97.704,1620,1200
24.06.2024 00:01:21.595,97.715,97.704,1620,1200
24.06.2024 00:01:22.247,97.715,97.704,1620,1200
24.06.2024 00:01:23.253,97.715,97.704,1620,1200
24.06.2024 00:01:24.156,97.715,97.705,1620,1200
24.06.2024 00:01:25.113,97.71600000000001,97.706,1240,1200
24.06.2024 00:01:25.164,97.71799999999999,97.708,1620,1200
24.06.2024 00:01:26.622,97.71600000000001,97.70700000000001,1320.0001,1200
24.06.2024 00:01:26.724,97.71600000000001,97.70700000000001,1620,1200
24.06.2024 00:01:27.530,97.715,97.7,1240,1800
24.06.2024 00:01:27.581,97.71100000000001,97.697,1200,1120
24.06.2024 00:01:27.683,97.71100000000001,97.698,1120,1200
24.06.2024 00:01:27.885,97.71100000000001,97.697,1120,1200
24.06.2024 00:01:28.790,97.71100000000001,97.697,1240,1200
24.06.2024 00:01:29.695,97.71100000000001,97.69600000000001,1240,1800
24.06.2024 00:01:30.955,97.709,97.697,1200,1200
24.06.2024 00:01:31.057,97.709,97.69600000000001,1200,1200
24.06.2024 00:01:31.359,97.709,97.694,1200,2099.9999
24.06.2024 00:01:32.164,97.709,97.694,1320.0001,2099.9999
24.06.2024 00:01:32.518,97.708,97.694,1620,1200
24.06.2024 00:01:32.670,97.70299999999999,97.689,1200,1500
24.06.2024 00:01:32.720,97.70299999999999,97.693,1200,1200
24.06.2024 00:01:33.124,97.70299999999999,97.689,1320.0001,1500
24.06.2024 00:01:33.226,97.70299999999999,97.69200000000001,1320.0001,1120
24.06.2024 00:01:33.429,97.70299999999999,97.693,1200,1200
24.06.2024 00:01:34.133,97.704,97.693,1200,1200
24.06.2024 00:01:34.235,97.70299999999999,97.689,1200,1500
24.06.2024 00:01:34.336,97.70299999999999,97.69200000000001,1200,1200
24.06.2024 00:01:34.437,97.705,97.693,1320.0001,1200
24.06.2024 00:01:37.520,97.70700000000001,97.694,1320.0001,1200
24.06.2024 00:01:37.622,97.70700000000001,97.694,1320.0001,1500
24.06.2024 00:01:37.775,97.70700000000001,97.69500000000001,1200,1500
24.06.2024 00:01:37.927,97.70700000000001,97.694,1200,1500
24.06.2024 00:01:39.135,97.706,97.691,1320.0001,1500
24.06.2024 00:01:39.236,97.706,97.691,1320.0001,1500
24.06.2024 00:01:40.594,97.708,97.694,1920,1120
24.06.2024 00:01:40.897,97.708,97.694,1320.0001,1120
24.06.2024 00:01:41.150,97.708,97.694,1320.0001,1120
24.06.2024 00:01:41.954,97.708,97.694,1320.0001,1120
24.06.2024 00:01:43.966,97.70700000000001,97.693,1320.0001,1120
24.06.2024 00:01:44.168,97.70700000000001,97.693,1320.0001,1120
24.06.2024 00:01:44.771,97.70700000000001,97.69200000000001,1320.0001,1500
24.06.2024 00:01:51.157,97.70299999999999,97.689,1320.0001,1500
24.06.2024 00:01:51.259,97.7,97.685,1320.0001,1500
24.06.2024 00:01:51.360,97.7,97.684,1320.0001,1500
24.06.2024 00:01:53.173,97.69500000000001,97.68,1320.0001,1120
24.06.2024 00:01:53.275,97.69200000000001,97.678,1200,1500
24.06.2024 00:01:53.376,97.689,97.676,1200,1120
24.06.2024 00:01:53.478,97.691,97.678,1320.0001,1200
24.06.2024 00:01:53.579,97.691,97.678,1200,1200
24.06.2024 00:01:53.681,97.69200000000001,97.68100000000001,1320.0001,1200
24.06.2024 00:01:53.782,97.694,97.68100000000001,1200,1200
24.06.2024 00:01:53.884,97.694,97.679,1200,1200
24.06.2024 00:01:54.086,97.694,97.678,1200,1200
24.06.2024 00:01:54.993,97.69200000000001,97.678,1200,1200
24.06.2024 00:01:55.747,97.69200000000001,97.679,1200,1200
24.06.2024 00:01:57.059,97.689,97.679,1200,1200
24.06.2024 00:01:57.110,97.689,97.676,1200,1200
24.06.2024 00:01:57.161,97.686,97.67399999999999,1200,1200
24.06.2024 00:01:57.212,97.686,97.67200000000001,1200,1200
24.06.2024 00:01:57.313,97.686,97.671,1200,1200
24.06.2024 00:01:57.364,97.686,97.673,1200,1120
24.06.2024 00:01:57.415,97.69,97.675,1200,1200
24.06.2024 00:01:57.517,97.69,97.676,1200,1200
24.06.2024 00:01:57.669,97.69,97.675,1200,1120
24.06.2024 00:01:57.720,97.69,97.677,1200,1200
24.06.2024 00:01:57.822,97.689,97.675,1200,1200
24.06.2024 00:01:57.873,97.68700000000001,97.675,1200,1200
24.06.2024 00:01:57.924,97.68700000000001,97.673,1200,1200
24.06.2024 00:01:58.025,97.68700000000001,97.67200000000001,1200,1200
24.06.2024 00:01:58.076,97.686,97.67,1200,1210
24.06.2024 00:01:58.430,97.686,97.67200000000001,1200,1200
24.06.2024 00:01:58.481,97.686,97.67,1200,1200
24.06.2024 00:01:58.532,97.68100000000001,97.66600000000001,1200,1200
24.06.2024 00:01:58.633,97.68100000000001,97.665,1200,1200
24.06.2024 00:01:58.936,97.68100000000001,97.663,1320.0001,1200
24.06.2024 00:01:59.038,97.68100000000001,97.664,1320.0001,1200
24.06.2024 00:01:59.441,97.68100000000001,97.665,1200,1200
24.06.2024 00:01:59.642,97.68100000000001,97.66600000000001,1200,1200
24.06.2024 00:02:00.147,97.68299999999999,97.66600000000001,1320.0001,1200
24.06.2024 00:02:00.248,97.68299999999999,97.66600000000001,1200,1120
24.06.2024 00:02:00.551,97.68,97.663,1200,1200
24.06.2024 00:02:00.653,97.677,97.663,1200,1200
24.06.2024 00:02:03.523,97.679,97.663,1200,1200
24.06.2024 00:02:03.976,97.679,97.665,1200,1200
24.06.2024 00:02:04.629,97.679,97.66600000000001,1200,1200
24.06.2024 00:02:05.538,97.68,97.66700000000002,1200,1320.0001
24.06.2024 00:02:05.639,97.673,97.66,1200,2140.0001
24.06.2024 00:02:05.691,97.671,97.658,1200,1320.0001
24.06.2024 00:02:05.792,97.67399999999999,97.664,1320.0001,1200
24.06.2024 00:02:06.398,97.67399999999999,97.661,1320.0001,1800
24.06.2024 00:02:06.802,97.676,97.663,1200,1200
24.06.2024 00:02:06.903,97.67399999999999,97.662,1200,1200
24.06.2024 00:02:06.954,97.671,97.658,1200,1320.0001
24.06.2024 00:02:07.005,97.673,97.661,1200,1320.0001
24.06.2024 00:02:08.014,97.67399999999999,97.662,1320.0001,1800
24.06.2024 00:02:08.266,97.67399999999999,97.662,1200,1200
24.06.2024 00:02:08.367,97.677,97.662,1320.0001,1200
24.06.2024 00:02:08.519,97.677,97.663,1320.0001,1200
24.06.2024 00:02:08.922,97.676,97.66600000000001,1320.0001,1200
24.06.2024 00:02:09.123,97.676,97.66600000000001,1320.0001,1200
24.06.2024 00:02:09.225,97.676,97.663,1320.0001,1200
24.06.2024 00:02:10.130,97.676,97.66600000000001,1320.0001,1200
24.06.2024 00:02:10.181,97.675,97.663,1200,1200
24.06.2024 00:02:10.484,97.675,97.662,1200,1200
24.06.2024 00:02:13.210,97.675,97.663,1200,1200
24.06.2024 00:02:13.314,97.677,97.663,1320.0001,1200
24.06.2024 00:02:13.817,97.677,97.663,1320.0001,1200
24.06.2024 00:02:13.868,97.675,97.66,1320.0001,1800
24.06.2024 00:02:13.969,97.675,97.661,1320.0001,1200
24.06.2024 00:02:14.221,97.675,97.661,1320.0001,1200
24.06.2024 00:02:15.128,97.675,97.662,1320.0001,1200
24.06.2024 00:02:15.280,97.676,97.662,1320.0001,1800
24.06.2024 00:02:18.800,97.676,97.662,1320.0001,1200
24.06.2024 00:02:19.606,97.676,97.662,1320.0001,1200
24.06.2024 00:02:19.858,97.671,97.656,1320.0001,1200
24.06.2024 00:02:19.960,97.669,97.655,1320.0001,1200
24.06.2024 00:02:20.415,97.669,97.655,1320.0001,1200
24.06.2024 00:02:20.566,97.67200000000001,97.65899999999999,1320.0001,1200
24.06.2024 00:02:20.769,97.67,97.65700000000001,1320.0001,1200
24.06.2024 00:02:21.072,97.664,97.65200000000002,1320.0001,1200
24.06.2024 00:02:21.123,97.663,97.65,1320.0001,1200
24.06.2024 00:02:22.284,97.661,97.648,1320.0001,1200
24.06.2024 00:02:22.536,97.658,97.645,1200,1200
24.06.2024 00:02:22.839,97.655,97.643,1200,1800
24.06.2024 00:02:22.940,97.65,97.63700000000001,1200,1800
24.06.2024 00:02:23.042,97.65100000000001,97.63700000000001,1320.0001,1200
24.06.2024 00:02:23.144,97.65100000000001,97.639,1320.0001,1200
24.06.2024 00:02:23.245,97.65200000000002,97.64,1320.0001,1200
24.06.2024 00:02:23.498,97.65200000000002,97.64,1320.0001,1800
24.06.2024 00:02:23.549,97.648,97.639,1200,1200
24.06.2024 00:02:23.600,97.649,97.63700000000001,1200,1200
24.06.2024 00:02:23.702,97.65200000000002,97.639,1320.0001,1200
24.06.2024 00:02:23.904,97.65200000000002,97.639,1320.0001,1200
24.06.2024 00:02:24.005,97.65100000000001,97.63799999999999,1320.0001,1200
24.06.2024 00:02:24.158,97.646,97.633,1200,1800
24.06.2024 00:02:25.317,97.65100000000001,97.63799999999999,1200,1200
24.06.2024 00:02:25.419,97.649,97.63600000000001,1200,1320.0001
24.06.2024 00:02:25.520,97.647,97.635,1200,1320.0001
24.06.2024 00:02:26.227,97.648,97.635,1200,1200
24.06.2024 00:02:26.329,97.648,97.635,1200,1320.0001
24.06.2024 00:02:26.732,97.65200000000002,97.63700000000001,1200,1920
24.06.2024 00:02:26.984,97.65200000000002,97.63700000000001,1200,1920
24.06.2024 00:02:27.086,97.65299999999999,97.639,1200,1320.0001
24.06.2024 00:02:27.289,97.655,97.64,1200,1920
24.06.2024 00:02:27.542,97.655,97.64,1200,1920
24.06.2024 00:02:27.995,97.654,97.64,1200,1320.0001
24.06.2024 00:02:28.500,97.654,97.64,1200,1320.0001
24.06.2024 00:02:28.651,97.658,97.645,1200,1200
24.06.2024 00:02:28.904,97.65700000000001,97.644,1200,1890
24.06.2024 00:02:29.661,97.65700000000001,97.645,1200,1200
24.06.2024 00:02:29.813,97.65700000000001,97.644,1200,1890
24.06.2024 00:02:30.065,97.65700000000001,97.645,1200,1200
24.06.2024 00:02:30.267,97.65700000000001,97.644,1200,1320.0001
24.06.2024 00:02:30.469,97.65700000000001,97.644,1200,1320.0001
24.06.2024 00:02:30.871,97.658,97.646,1200,1320.0001
24.06.2024 00:02:30.973,97.656,97.644,1200,1320.0001
24.06.2024 00:02:31.377,97.66,97.648,1200,1200
24.06.2024 00:02:31.479,97.661,97.649,1200,1320.0001
24.06.2024 00:02:32.184,97.663,97.65,1200,1320.0001
24.06.2024 00:02:34.551,97.661,97.649,1200,1800
24.06.2024 00:02:35.107,97.654,97.646,1200,1200
24.06.2024 00:02:35.158,97.654,97.64200000000001,1200,1200
24.06.2024 00:02:35.511,97.654,97.643,1200,1200
24.06.2024 00:02:37.223,97.658,97.645,1200,1800
24.06.2024 00:02:37.627,97.656,97.643,1200,1200
24.06.2024 00:02:37.729,97.654,97.641,1200,1200
24.06.2024 00:02:37.830,97.654,97.64200000000001,1200,1200
24.06.2024 00:02:38.184,97.656,97.64200000000001,1200,1200
24.06.2024 00:02:38.285,97.654,97.64200000000001,1200,1200
24.06.2024 00:02:38.841,97.65200000000002,97.63799999999999,1200,1200
24.06.2024 00:02:39.898,97.65200000000002,97.63799999999999,1200,1320.0001
24.06.2024 00:02:40.552,97.65200000000002,97.63799999999999,1200,1320.0001
24.06.2024 00:02:40.603,97.65299999999999,97.64,1200,1200
24.06.2024 00:02:40.705,97.649,97.63700000000001,1200,1200
24.06.2024 00:02:41.058,97.648,97.63600000000001,1200,1200
24.06.2024 00:02:46.014,97.649,97.63700000000001,1200,1200
24.06.2024 00:02:46.117,97.65,97.63799999999999,1200,1320.0001
24.06.2024 00:02:46.319,97.65299999999999,97.641,1200,1200
24.06.2024 00:02:47.781,97.655,97.643,1200,1200
24.06.2024 00:02:48.034,97.656,97.644,1200,1200
24.06.2024 00:02:48.135,97.65700000000001,97.645,1200,1200
24.06.2024 00:02:49.193,97.656,97.644,1200,1200
24.06.2024 00:02:49.294,97.655,97.643,1200,1200
24.06.2024 00:02:49.648,97.654,97.64200000000001,1200,1200
24.06.2024 00:02:52.720,97.654,97.644,1200,1200
24.06.2024 00:02:52.821,97.654,97.645,1200,1200
24.06.2024 00:02:54.080,97.655,97.646,1200,1200
24.06.2024 00:02:54.131,97.662,97.65200000000002,1200,1200
24.06.2024 00:02:54.233,97.663,97.654,1200,1200
24.06.2024 00:02:54.285,97.665,97.655,1200,1200
24.06.2024 00:02:54.386,97.664,97.655,1200,1200
24.06.2024 00:02:55.240,97.66600000000001,97.65700000000001,1200,1200
24.06.2024 00:02:55.291,97.67,97.66,1200,1200
24.06.2024 00:02:55.694,97.66799999999999,97.658,1200,1200
24.06.2024 00:02:56.853,97.66600000000001,97.65700000000001,1200,1200
24.06.2024 00:02:56.904,97.66799999999999,97.658,1200,1200
24.06.2024 00:02:58.264,97.669,97.65899999999999,1200,1200
24.06.2024 00:02:58.767,97.67,97.66,1200,1200
24.06.2024 00:02:59.220,97.669,97.65899999999999,1200,1200
24.06.2024 00:03:00.126,97.66799999999999,97.658,1200,1200
24.06.2024 00:03:02.189,97.669,97.66,1200,1200
24.06.2024 00:03:02.493,97.66799999999999,97.65899999999999,1200,1200
24.06.2024 00:03:03.653,97.67,97.66,1200,1200
24.06.2024 00:03:03.755,97.66799999999999,97.658,1200,1200
24.06.2024 00:03:04.359,97.669,97.66,1200,1200
24.06.2024 00:03:04.561,97.671,97.662,1200,1200
24.06.2024 00:03:05.920,97.67399999999999,97.664,1200,1200
24.06.2024 00:03:11.806,97.675,97.66600000000001,1200,1200
24.06.2024 00:03:11.907,97.676,97.66700000000002,1200,1200
24.06.2024 00:03:12.109,97.675,97.66600000000001,1200,1200
24.06.2024 00:03:14.330,97.678,97.66799999999999,1200,1200
24.06.2024 00:03:14.431,97.678,97.67,1200,1200
24.06.2024 00:03:14.736,97.678,97.66799999999999,1200,1200
24.06.2024 00:03:16.547,97.68100000000001,97.671,1200,1200
24.06.2024 00:03:18.966,97.68299999999999,97.673,1200,1200
24.06.2024 00:03:19.069,97.68200000000002,97.673,1200,1200
24.06.2024 00:03:19.170,97.684,97.675,1200,1200
24.06.2024 00:03:20.430,97.686,97.676,1200,1200
24.06.2024 00:03:23.998,97.684,97.675,1200,1200
24.06.2024 00:03:27.064,97.68,97.671,1200,1200
24.06.2024 00:03:27.618,97.68200000000002,97.673,1200,1200
24.06.2024 00:03:27.720,97.684,97.675,1200,1200
24.06.2024 00:03:29.584,97.686,97.676,1200,1200
24.06.2024 00:03:33.256,97.685,97.675,1200,1200
24.06.2024 00:03:37.176,97.68200000000002,97.67200000000001,1200,1200
24.06.2024 00:03:37.278,97.678,97.66799999999999,1200,1200
24.06.2024 00:03:40.149,97.68100000000001,97.671,1200,1200
24.06.2024 00:03:40.250,97.684,97.67399999999999,1200,1200
24.06.2024 00:03:40.805,97.686,97.676,1200,1200
24.06.2024 00:03:43.720,97.684,97.67399999999999,1200,1200
24.06.2024 00:03:44.476,97.68299999999999,97.673,1200,1200
24.06.2024 00:03:49.045,97.685,97.675,1200,1200
24.06.2024 00:03:51.711,97.685,97.67399999999999,1200,1200
24.06.2024 00:03:53.019,97.68700000000001,97.676,1320.0001,1200
24.06.2024 00:03:54.779,97.685,97.675,1200,1200
24.06.2024 00:03:55.183,97.684,97.673,1200,1200
24.06.2024 00:03:55.638,97.685,97.675,1200,1200
24.06.2024 00:03:57.548,97.685,97.673,1200,1200
24.06.2024 00:03:58.136,97.685,97.673,1200,1320.0001
24.06.2024 00:03:59.042,97.685,97.673,1200,1200
24.06.2024 00:04:00.047,97.685,97.673,1200,1320.0001
24.06.2024 00:04:00.299,97.685,97.673,1200,1200
24.06.2024 00:04:00.350,97.68299999999999,97.673,1200,1200
24.06.2024 00:04:03.373,97.68299999999999,97.671,1200,1200
24.06.2024 00:04:07.142,97.676,97.665,1200,1200
24.06.2024 00:04:07.243,97.675,97.664,1200,1200
24.06.2024 00:04:07.345,97.677,97.664,1200,1200
24.06.2024 00:04:12.221,97.677,97.664,1200,1920
24.06.2024 00:04:14.382,97.68100000000001,97.669,1200,1200
24.06.2024 00:04:14.484,97.68100000000001,97.669,1200,1920
24.06.2024 00:04:14.686,97.68299999999999,97.67200000000001,1200,1200
24.06.2024 00:04:15.189,97.68200000000002,97.67,1200,1320.0001
24.06.2024 00:04:15.391,97.68100000000001,97.66799999999999,1200,2140.0001
24.06.2024 00:04:15.543,97.68100000000001,97.66799999999999,1200,2109.9999
24.06.2024 00:04:15.594,97.679,97.66700000000002,1200,1240
24.06.2024 00:04:17.001,97.68299999999999,97.67200000000001,1320.0001,1200
24.06.2024 00:04:17.052,97.68299999999999,97.67,1320.0001,1200
24.06.2024 00:04:17.154,97.68200000000002,97.669,1200,1200
24.06.2024 00:04:17.406,97.679,97.66799999999999,1200,1320.0001
24.06.2024 00:04:18.011,97.679,97.66799999999999,1200,1320.0001
24.06.2024 00:04:21.227,97.679,97.66799999999999,1200,1320.0001
24.06.2024 00:04:23.741,97.678,97.66700000000002,1200,1320.0001
24.06.2024 00:04:24.899,97.68100000000001,97.671,1200,1320.0001
24.06.2024 00:04:24.950,97.684,97.67200000000001,1200,1320.0001
24.06.2024 00:04:25.052,97.685,97.673,1200,1200
24.06.2024 00:04:25.405,97.68799999999999,97.676,1200,1200
24.06.2024 00:04:25.506,97.69,97.678,2099.9999,1200
24.06.2024 00:04:25.557,97.68799999999999,97.676,1200,1200
24.06.2024 00:04:28.071,97.685,97.675,1200,1200
24.06.2024 00:04:28.175,97.68100000000001,97.671,1200,1320.0001
24.06.2024 00:04:28.226,97.68299999999999,97.67200000000001,1200,1200
24.06.2024 00:04:29.935,97.685,97.67399999999999,1120,1200
24.06.2024 00:04:30.036,97.685,97.676,1200,1200
24.06.2024 00:04:30.339,97.68799999999999,97.678,1200,1200
24.06.2024 00:04:30.642,97.686,97.675,1200,1200
24.06.2024 00:04:30.743,97.685,97.67399999999999,1200,1200
24.06.2024 00:04:34.370,97.68299999999999,97.673,1200,1200
24.06.2024 00:04:41.106,97.685,97.67399999999999,1200,1320.0001
24.06.2024 00:04:43.173,97.68299999999999,97.673,1200,1200
24.06.2024 00:04:54.793,97.684,97.67399999999999,1200,1200
24.06.2024 00:04:56.100,97.68700000000001,97.676,1320.0001,1200
24.06.2024 00:04:57.310,97.686,97.67399999999999,1200,1120
24.06.2024 00:04:58.217,97.68700000000001,97.676,1200,1200
24.06.2024 00:04:58.319,97.68700000000001,97.676,1500,1200
24.06.2024 00:05:00.130,97.685,97.676,1200,1200
24.06.2024 00:05:01.640,97.685,97.673,1200,1120
24.06.2024 00:05:01.791,97.685,97.673,1320.0001,1200
24.06.2024 00:05:01.893,97.68100000000001,97.67,1200,1200
24.06.2024 00:05:02.095,97.68200000000002,97.671,1320.0001,1200
24.06.2024 00:05:04.405,97.68,97.671,1200,1200
24.06.2024 00:05:06.116,97.68100000000001,97.67200000000001,1200,1200
24.06.2024 00:05:06.217,97.68200000000002,97.673,1200,1200
24.06.2024 00:05:11.138,97.68299999999999,97.67200000000001,1200,1800
24.06.2024 00:05:12.646,97.693,97.68299999999999,1020,1200
24.06.2024 00:05:12.747,97.691,97.68100000000001,1200,1200
24.06.2024 00:05:13.000,97.69,97.679,1200,1120
24.06.2024 00:05:14.055,97.686,97.675,1320.0001,1500
24.06.2024 00:05:14.106,97.686,97.675,1320.0001,1200
24.06.2024 00:05:14.508,97.685,97.67399999999999,1320.0001,1120
24.06.2024 00:05:14.610,97.685,97.67399999999999,1320.0001,1120
24.06.2024 00:05:15.064,97.685,97.67399999999999,1200,1200
24.06.2024 00:05:16.020,97.68200000000002,97.67,1320.0001,1120
24.06.2024 00:05:16.122,97.679,97.66799999999999,1200,1200
24.06.2024 00:05:16.173,97.678,97.66600000000001,1200,1200
24.06.2024 00:05:16.275,97.68299999999999,97.67200000000001,1320.0001,1200
24.06.2024 00:05:16.326,97.68100000000001,97.669,1200,1200
24.06.2024 00:05:16.427,97.68,97.669,1320.0001,1200
24.06.2024 00:05:17.786,97.68100000000001,97.671,1200,1200
24.06.2024 00:05:18.591,97.684,97.673,1200,1200
24.06.2024 00:05:19.761,97.68700000000001,97.677,1320.0001,1200
24.06.2024 00:05:20.266,97.68700000000001,97.677,1320.0001,1200
24.06.2024 00:05:20.819,97.68700000000001,97.677,1200,1200
24.06.2024 00:05:23.183,97.68700000000001,97.677,1320.0001,1200
24.06.2024 00:05:24.591,97.685,97.675,1320.0001,1200
24.06.2024 00:05:35.545,97.68700000000001,97.677,1320.0001,1200
24.06.2024 00:05:35.697,97.68799999999999,97.678,1320.0001,1200
24.06.2024 00:05:35.849,97.68799999999999,97.678,1320.0001,1200
24.06.2024 00:05:36.753,97.689,97.68,1320.0001,1200
24.06.2024 00:05:37.307,97.689,97.678,1320.0001,1200
24.06.2024 00:05:39.468,97.689,97.678,1320.0001,1200
24.06.2024 00:05:41.931,97.689,97.678,1200,1200
24.06.2024 00:05:43.543,97.686,97.676,1200,1200
24.06.2024 00:05:43.644,97.686,97.676,1320.0001,1200
24.06.2024 00:05:43.997,97.68700000000001,97.677,1240,1200
24.06.2024 00:05:45.608,97.686,97.676,1320.0001,1200
24.06.2024 00:05:45.759,97.686,97.676,1320.0001,1200
24.06.2024 00:05:48.879,97.684,97.675,1320.0001,1200
24.06.2024 00:05:57.915,97.684,97.675,1240,1200
24.06.2024 00:05:57.966,97.677,97.66700000000002,1320.0001,1200
24.06.2024 00:05:58.068,97.678,97.66799999999999,1320.0001,1200
24.06.2024 00:05:58.572,97.678,97.669,1320.0001,1200
24.06.2024 00:05:58.926,97.679,97.669,1320.0001,1200
24.06.2024 00:06:00.137,97.678,97.66799999999999,1200,1200
24.06.2024 00:06:00.288,97.678,97.66799999999999,1320.0001,1200
24.06.2024 00:06:03.152,97.678,97.66799999999999,1320.0001,1200
24.06.2024 00:06:05.967,97.676,97.66700000000002,1320.0001,1200
24.06.2024 00:06:10.686,97.675,97.66600000000001,1200,1200
24.06.2024 00:06:10.787,97.675,97.66600000000001,1320.0001,1200
24.06.2024 00:06:11.342,97.675,97.66600000000001,1200,1200
24.06.2024 00:06:12.299,97.677,97.66700000000002,1320.0001,1200
24.06.2024 00:06:13.054,97.675,97.66600000000001,1320.0001,1200
24.06.2024 00:06:14.562,97.677,97.66799999999999,1320.0001,1200
24.06.2024 00:06:15.668,97.675,97.66600000000001,1320.0001,1200
24.06.2024 00:06:27.477,97.675,97.66600000000001,1320.0001,1200
24.06.2024 00:06:28.181,97.673,97.662,1320.0001,1500
24.06.2024 00:06:29.237,97.673,97.662,1320.0001,1500
24.06.2024 00:06:29.388,97.67,97.66,1320.0001,1120
24.06.2024 00:06:29.490,97.66700000000002,97.65700000000001,1320.0001,1500
24.06.2024 00:06:29.742,97.66600000000001,97.656,1200,1200
24.06.2024 00:06:29.894,97.66799999999999,97.65899999999999,1200,1200
24.06.2024 00:06:30.147,97.66700000000002,97.658,1200,1200
24.06.2024 00:06:32.661,97.66600000000001,97.656,1200,1200
24.06.2024 00:06:41.192,97.665,97.655,1200,1320.0001
24.06.2024 00:06:41.243,97.669,97.66,1200,1200
24.06.2024 00:06:52.084,97.671,97.662,1200,1200
24.06.2024 00:06:52.135,97.673,97.662,1200,1320.0001
24.06.2024 00:06:52.186,97.673,97.664,1200,1200
24.06.2024 00:06:52.237,97.676,97.665,1200,1200
24.06.2024 00:06:53.093,97.677,97.66799999999999,1200,1200
24.06.2024 00:07:01.332,97.675,97.66600000000001,1200,1200
24.06.2024 00:07:02.137,97.677,97.66700000000002,1200,1200
24.06.2024 00:07:03.747,97.679,97.669,1200,1200
24.06.2024 00:07:03.848,97.685,97.675,1320.0001,1200
24.06.2024 00:07:11.830,97.68200000000002,97.673,1200,1200
24.06.2024 00:07:15.299,97.68,97.67,1200,1200
24.06.2024 00:07:15.350,97.678,97.66799999999999,1200,1500
24.06.2024 00:07:15.452,97.678,97.66799999999999,1200,1200
24.06.2024 00:07:18.574,97.679,97.669,1200,1200
24.06.2024 00:07:18.827,97.684,97.67399999999999,1200,1200
24.06.2024 00:07:26.863,97.68299999999999,97.67200000000001,1200,1200
24.06.2024 00:07:31.633,97.68100000000001,97.671,1200,1200
24.06.2024 00:07:33.244,97.679,97.669,1200,1200
24.06.2024 00:07:33.345,97.677,97.665,1200,1320.0001
24.06.2024 00:07:36.963,97.673,97.662,1200,1120
24.06.2024 00:07:39.176,97.673,97.664,1200,1200
24.06.2024 00:07:39.278,97.675,97.66600000000001,1320.0001,1200
24.06.2024 00:07:47.518,97.67399999999999,97.664,1200,1200
24.06.2024 00:07:52.841,97.67399999999999,97.663,1200,1200
24.06.2024 00:07:58.061,97.671,97.662,1200,1200
24.06.2024 00:08:06.905,97.67200000000001,97.663,1500,1200
24.06.2024 00:08:10.421,97.67200000000001,97.663,1200,1200
24.06.2024 00:08:12.883,97.67200000000001,97.663,1320.0001,1200
24.06.2024 00:08:13.335,97.67200000000001,97.663,1200,1200
24.06.2024 00:08:15.080,97.677,97.66700000000002,1620,1200
24.06.2024 00:08:15.182,97.67399999999999,97.664,1320.0001,1200
24.06.2024 00:08:16.288,97.67399999999999,97.664,1320.0001,1200
24.06.2024 00:08:16.691,97.67399999999999,97.664,1320.0001,1200
24.06.2024 00:08:16.994,97.67399999999999,97.664,1320.0001,1200
24.06.2024 00:08:20.209,97.67399999999999,97.664,1320.0001,1200
24.06.2024 00:08:20.310,97.673,97.663,1320.0001,1200
24.06.2024 00:08:25.284,97.673,97.663,1320.0001,1200
24.06.2024 00:08:25.787,97.673,97.663,1320.0001,1200
24.06.2024 00:08:26.542,97.673,97.663,1320.0001,1200
24.06.2024 00:08:28.550,97.673,97.663,1320.0001,1200
24.06.2024 00:08:28.652,97.675,97.665,1240,1200
24.06.2024 00:08:29.958,97.676,97.66700000000002,1320.0001,1200
24.06.2024 00:08:30.059,97.678,97.66799999999999,1240,1200
24.06.2024 00:08:30.813,97.678,97.66799999999999,1240,1200
24.06.2024 00:08:31.266,97.678,97.66799999999999,1210,1200
24.06.2024 00:08:34.782,97.678,97.66799999999999,1320.0001,1200
24.06.2024 00:08:37.639,97.678,97.66799999999999,1320.0001,1200
24.06.2024 00:08:42.714,97.677,97.66799999999999,1320.0001,1200
24.06.2024 00:08:45.224,97.678,97.66799999999999,1210,1200
24.06.2024 00:08:50.750,97.677,97.66799999999999,1200,1200
24.06.2024 00:08:52.960,97.678,97.66799999999999,1200,1200
24.06.2024 00:09:03.456,97.68200000000002,97.671,1320.0001,1200
24.06.2024 00:09:03.507,97.68200000000002,97.671,1320.0001,1200
24.06.2024 00:09:04.112,97.68200000000002,97.67200000000001,1200,1200
24.06.2024 00:09:05.065,97.68299999999999,97.673,1200,1200
24.06.2024 00:09:07.392,97.685,97.675,1200,1200
24.06.2024 00:09:11.067,97.686,97.676,1120,1200
24.06.2024 00:09:11.168,97.684,97.67399999999999,1320.0001,1200
24.06.2024 00:09:18.859,97.684,97.67399999999999,1320.0001,1200
24.06.2024 00:09:19.563,97.684,97.67399999999999,1320.0001,1200
24.06.2024 00:09:21.472,97.684,97.67399999999999,1320.0001,1200
24.06.2024 00:09:21.523,97.68100000000001,97.671,1320.0001,1200
24.06.2024 00:09:21.676,97.679,97.67,1320.0001,1200
24.06.2024 00:09:21.828,97.679,97.67,1200,1200
24.06.2024 00:09:21.929,97.68100000000001,97.671,1320.0001,1200
24.06.2024 00:09:22.534,97.68200000000002,97.67200000000001,1320.0001,1200
24.06.2024 00:09:22.735,97.68200000000002,97.67200000000001,1320.0001,1200
24.06.2024 00:09:26.251,97.684,97.67399999999999,1320.0001,1200
24.06.2024 00:09:26.352,97.68200000000002,97.67200000000001,1320.0001,1200
24.06.2024 00:09:26.555,97.68299999999999,97.673,1320.0001,1200
24.06.2024 00:09:26.606,97.68299999999999,97.673,1320.0001,1200
24.06.2024 00:09:26.657,97.678,97.66799999999999,1200,1200
24.06.2024 00:09:29.523,97.678,97.66799999999999,1320.0001,1200
24.06.2024 00:09:30.778,97.678,97.669,1320.0001,1200
24.06.2024 00:09:37.755,97.677,97.66700000000002,1320.0001,1200
24.06.2024 00:09:38.060,97.677,97.665,1320.0001,1200
24.06.2024 00:09:38.614,97.677,97.66700000000002,1320.0001,1200
24.06.2024 00:09:43.587,97.677,97.665,1320.0001,1200
24.06.2024 00:09:43.989,97.677,97.665,1320.0001,1200
24.06.2024 00:09:44.391,97.677,97.665,1320.0001,1200
24.06.2024 00:09:47.204,97.677,97.66700000000002,1320.0001,1200
24.06.2024 00:09:49.465,97.679,97.66700000000002,1620,1200
24.06.2024 00:09:51.425,97.679,97.66700000000002,1320.0001,1200
24.06.2024 00:09:54.389,97.68,97.67,1320.0001,1200
24.06.2024 00:09:55.647,97.679,97.669,1320.0001,1200
24.06.2024 00:09:56.704,97.679,97.669,1320.0001,1200
24.06.2024 00:09:59.078,97.679,97.669,1320.0001,1200
24.06.2024 00:09:59.982,97.679,97.669,1320.0001,1200
24.06.2024 00:10:00.334,97.679,97.669,1320.0001,1200
24.06.2024 00:10:00.939,97.68200000000002,97.67200000000001,1320.0001,1200
24.06.2024 00:10:01.292,97.68200000000002,97.67200000000001,1320.0001,1200
24.06.2024 00:10:01.394,97.679,97.669,1320.0001,1200
24.06.2024 00:10:01.696,97.679,97.67,1320.0001,1200
24.06.2024 00:10:01.899,97.68100000000001,97.671,1320.0001,1200
24.06.2024 00:10:01.950,97.68299999999999,97.673,1620,1200
24.06.2024 00:10:02.051,97.68,97.67,1320.0001,1200
24.06.2024 00:10:02.354,97.68,97.67,1320.0001,1200
24.06.2024 00:10:02.807,97.68,97.67,1320.0001,1200
24.06.2024 00:10:03.060,97.678,97.66799999999999,1320.0001,1120
24.06.2024 00:10:11.902,97.68200000000002,97.67200000000001,1320.0001,1200
24.06.2024 00:10:12.104,97.68200000000002,97.67200000000001,1320.0001,1200
24.06.2024 00:10:13.109,97.68200000000002,97.67200000000001,1320.0001,1200
24.06.2024 00:10:13.160,97.684,97.67399999999999,1320.0001,1200
24.06.2024 00:10:16.431,97.684,97.67399999999999,1320.0001,1200
24.06.2024 00:10:20.905,97.685,97.675,1320.0001,1200
24.06.2024 00:10:24.625,97.685,97.675,1320.0001,1200
24.06.2024 00:10:27.644,97.685,97.675,1320.0001,1200
24.06.2024 00:10:27.745,97.68700000000001,97.677,1320.0001,1200
24.06.2024 00:10:27.846,97.68799999999999,97.678,1320.0001,1200
24.06.2024 00:10:27.897,97.68799999999999,97.678,1320.0001,1200
24.06.2024 00:10:27.999,97.689,97.68,1320.0001,1200
24.06.2024 00:10:28.050,97.691,97.68100000000001,1240,1200
24.06.2024 00:10:28.202,97.691,97.679,1320.0001,2099.9999
24.06.2024 00:10:28.857,97.691,97.679,1320.0001,2099.9999
24.06.2024 00:10:28.958,97.691,97.68100000000001,1320.0001,1200
24.06.2024 00:10:29.563,97.691,97.679,1320.0001,1500
24.06.2024 00:10:30.216,97.689,97.68,1320.0001,1200
24.06.2024 00:10:30.318,97.69200000000001,97.68100000000001,1320.0001,1200
24.06.2024 00:10:30.420,97.69200000000001,97.68299999999999,1320.0001,1200
24.06.2024 00:10:32.332,97.69200000000001,97.68299999999999,1320.0001,1200
24.06.2024 00:10:33.187,97.69200000000001,97.68,1320.0001,1120
24.06.2024 00:10:33.490,97.691,97.68,1320.0001,1120
24.06.2024 00:10:36.503,97.691,97.68,1320.0001,1200
24.06.2024 00:10:39.067,97.69,97.679,1320.0001,1120
24.06.2024 00:10:47.104,97.68799999999999,97.677,1320.0001,1120
24.06.2024 00:10:47.306,97.69,97.679,1320.0001,1200
24.06.2024 00:10:47.407,97.69200000000001,97.68200000000002,1240,1200
24.06.2024 00:10:52.229,97.693,97.68299999999999,1320.0001,1200
24.06.2024 00:10:55.750,97.691,97.68,1320.0001,1200
24.06.2024 00:10:55.801,97.689,97.678,1240,1200
24.06.2024 00:10:57.008,97.689,97.678,1240,1200
24.06.2024 00:10:57.411,97.68799999999999,97.676,1320.0001,1200
24.06.2024 00:10:57.462,97.689,97.678,1240,1200
24.06.2024 00:10:57.815,97.689,97.678,1240,1200
24.06.2024 00:10:59.473,97.69,97.679,1620,1200
24.06.2024 00:10:59.574,97.689,97.678,1320.0001,1200
24.06.2024 00:11:00.631,97.689,97.678,1320.0001,1200
24.06.2024 00:11:00.734,97.694,97.68299999999999,1320.0001,1200
24.06.2024 00:11:00.785,97.694,97.68299999999999,1320.0001,1200
24.06.2024 00:11:00.886,97.69600000000001,97.68299999999999,1320.0001,1200
24.06.2024 00:11:01.692,97.694,97.68299999999999,1320.0001,1200
24.06.2024 00:11:01.945,97.694,97.68299999999999,1320.0001,1200
24.06.2024 00:11:03.603,97.694,97.68299999999999,1320.0001,1200
24.06.2024 00:11:04.910,97.69500000000001,97.68299999999999,1320.0001,1200
24.06.2024 00:11:06.619,97.69600000000001,97.685,1320.0001,1200
24.06.2024 00:11:07.022,97.697,97.686,1320.0001,1200
24.06.2024 00:11:07.778,97.697,97.686,1320.0001,1200
24.06.2024 00:11:08.080,97.69600000000001,97.685,1320.0001,1200
24.06.2024 00:11:09.489,97.697,97.68700000000001,1320.0001,1200
24.06.2024 00:11:10.296,97.69600000000001,97.686,1320.0001,1200
24.06.2024 00:11:12.307,97.69600000000001,97.685,1320.0001,1200
24.06.2024 00:11:14.419,97.69600000000001,97.685,1320.0001,1200
24.06.2024 00:11:15.423,97.694,97.68299999999999,1320.0001,1200
24.06.2024 00:11:16.379,97.694,97.68299999999999,1320.0001,1200
24.06.2024 00:11:17.434,97.694,97.68299999999999,1320.0001,1200
24.06.2024 00:11:17.887,97.69500000000001,97.684,1320.0001,1200
24.06.2024 00:11:19.697,97.69500000000001,97.684,1320.0001,1200
24.06.2024 00:11:20.200,97.69500000000001,97.684,1320.0001,1200
24.06.2024 00:11:20.352,97.694,97.684,1200,1200
24.06.2024 00:11:20.806,97.694,97.68299999999999,1320.0001,1120
24.06.2024 00:11:21.862,97.694,97.68299999999999,1320.0001,1120
24.06.2024 00:11:30.154,97.69500000000001,97.685,1320.0001,1200
24.06.2024 00:11:30.358,97.697,97.686,1240,1200
24.06.2024 00:11:30.510,97.69500000000001,97.685,1320.0001,1200
24.06.2024 00:11:30.611,97.69500000000001,97.685,1320.0001,1200
24.06.2024 00:11:32.621,97.69500000000001,97.685,1320.0001,1200
24.06.2024 00:11:36.792,97.69500000000001,97.685,1320.0001,1200
24.06.2024 00:11:39.254,97.69500000000001,97.685,1320.0001,1200
24.06.2024 00:11:40.663,97.69500000000001,97.685,1200,1200
24.06.2024 00:11:40.765,97.69600000000001,97.685,1320.0001,1200
24.06.2024 00:11:41.770,97.69600000000001,97.685,1320.0001,1200
24.06.2024 00:11:43.530,97.69600000000001,97.685,1320.0001,1200
24.06.2024 00:11:43.933,97.69600000000001,97.686,1200,1200
24.06.2024 00:11:44.135,97.697,97.68700000000001,1320.0001,1200
24.06.2024 00:11:44.337,97.697,97.68700000000001,1320.0001,1200
24.06.2024 00:11:46.550,97.697,97.68700000000001,1320.0001,1200
24.06.2024 00:11:48.665,97.69500000000001,97.684,1320.0001,1800
24.06.2024 00:11:48.968,97.697,97.686,1320.0001,1200
24.06.2024 00:11:52.030,97.699,97.68799999999999,1320.0001,1200
24.06.2024 00:11:52.081,97.699,97.689,1200,1200
24.06.2024 00:11:52.183,97.699,97.68799999999999,1200,1800
24.06.2024 00:11:52.334,97.699,97.689,1200,1200
24.06.2024 00:11:53.087,97.699,97.68799999999999,1200,1800
24.06.2024 00:11:54.093,97.7,97.69,1320.0001,1200
24.06.2024 00:11:54.194,97.704,97.693,1240,1200
24.06.2024 00:11:57.564,97.704,97.693,1320.0001,1200
24.06.2024 00:11:58.018,97.705,97.69500000000001,1200,1200
24.06.2024 00:12:01.286,97.70700000000001,97.69600000000001,1320.0001,1200
24.06.2024 00:12:01.387,97.705,97.69500000000001,1200,1200
24.06.2024 00:12:04.201,97.70700000000001,97.69500000000001,1320.0001,1500
24.06.2024 00:12:05.659,97.70700000000001,97.69500000000001,1320.0001,1500
24.06.2024 00:12:06.113,97.70700000000001,97.69500000000001,1320.0001,1500
24.06.2024 00:12:08.979,97.70700000000001,97.69500000000001,1320.0001,1500
24.06.2024 00:12:10.742,97.70700000000001,97.69600000000001,1320.0001,1120
24.06.2024 00:12:10.844,97.708,97.698,1320.0001,1200
24.06.2024 00:12:10.945,97.70700000000001,97.69600000000001,1320.0001,1120
24.06.2024 00:12:14.566,97.709,97.699,1320.0001,1200
24.06.2024 00:12:28.462,97.708,97.697,1320.0001,1200
24.06.2024 00:12:28.513,97.708,97.697,1320.0001,1200
24.06.2024 00:12:28.765,97.706,97.69600000000001,1320.0001,1120
24.06.2024 00:12:28.867,97.705,97.694,1320.0001,1500
24.06.2024 00:12:29.574,97.705,97.694,1320.0001,1500
24.06.2024 00:12:30.378,97.708,97.697,1320.0001,1200
24.06.2024 00:12:30.481,97.708,97.69600000000001,1320.0001,1120
24.06.2024 00:12:30.733,97.708,97.69600000000001,1320.0001,1500
24.06.2024 00:12:30.786,97.706,97.69500000000001,1320.0001,1200
24.06.2024 00:12:31.289,97.706,97.69600000000001,1320.0001,1200
24.06.2024 00:12:31.340,97.708,97.697,1320.0001,1120
24.06.2024 00:12:32.649,97.708,97.697,1320.0001,1120
24.06.2024 00:12:33.656,97.708,97.698,1320.0001,1200
24.06.2024 00:12:37.074,97.708,97.698,1320.0001,1200
24.06.2024 00:12:38.684,97.708,97.698,1320.0001,1200
24.06.2024 00:12:39.842,97.708,97.698,1320.0001,1200
24.06.2024 00:12:41.099,97.708,97.698,1320.0001,1200
24.06.2024 00:12:41.905,97.708,97.698,1320.0001,1200
24.06.2024 00:12:42.509,97.70700000000001,97.697,1320.0001,1200
24.06.2024 00:12:48.736,97.70700000000001,97.697,1320.0001,1200
24.06.2024 00:12:58.076,97.70700000000001,97.697,1320.0001,1200
24.06.2024 00:12:58.982,97.70700000000001,97.697,1320.0001,1120
24.06.2024 00:12:59.335,97.70700000000001,97.697,1200,1120
24.06.2024 00:13:00.996,97.71000000000001,97.7,1320.0001,1120
24.06.2024 00:13:01.097,97.70700000000001,97.697,1200,1120
24.06.2024 00:13:01.400,97.709,97.698,1320.0001,1200
24.06.2024 00:13:02.105,97.71000000000001,97.698,1210,1200
24.06.2024 00:13:04.546,97.712,97.7,1320.0001,1200
24.06.2024 00:13:04.800,97.712,97.7,1210,1200
24.06.2024 00:13:07.910,97.712,97.70200000000001,1320.0001,1200
24.06.2024 00:13:08.012,97.714,97.70299999999999,1320.0001,1200
24.06.2024 00:13:08.970,97.714,97.70299999999999,1200,1120
24.06.2024 00:13:10.027,97.714,97.70299999999999,1320.0001,1200
24.06.2024 00:13:11.485,97.714,97.70299999999999,1320.0001,1200
24.06.2024 00:13:17.215,97.713,97.70299999999999,1320.0001,1200
24.06.2024 00:13:17.316,97.715,97.704,1240,1200
24.06.2024 00:13:20.734,97.715,97.704,1320.0001,1200
24.06.2024 00:13:21.187,97.715,97.704,1320.0001,1200
24.06.2024 00:13:22.594,97.715,97.704,1320.0001,1200
24.06.2024 00:13:26.105,97.715,97.704,1320.0001,1200
24.06.2024 00:13:27.057,97.715,97.704,1240,1200
24.06.2024 00:13:27.108,97.713,97.70200000000001,1320.0001,1200
24.06.2024 00:13:27.462,97.713,97.70200000000001,1320.0001,1200
24.06.2024 00:13:30.172,97.713,97.70200000000001,1320.0001,1200
24.06.2024 00:13:36.197,97.713,97.70200000000001,1200,1200
24.06.2024 00:13:38.157,97.71100000000001,97.70100000000001,1200,1200
24.06.2024 00:13:44.335,97.713,97.70100000000001,1210,1800
24.06.2024 00:13:50.363,97.713,97.70100000000001,1240,1200
24.06.2024 00:13:50.467,97.705,97.69500000000001,1200,1200
24.06.2024 00:13:52.179,97.70700000000001,97.697,1200,1200
24.06.2024 00:13:56.271,97.704,97.694,1890,1200
24.06.2024 00:13:56.373,97.698,97.68799999999999,1200,1200
24.06.2024 00:13:56.424,97.697,97.686,1200,1200
24.06.2024 00:13:56.525,97.697,97.68799999999999,1200,1200
24.06.2024 00:13:58.183,97.7,97.69,1120,1200
24.06.2024 00:13:58.285,97.70299999999999,97.693,1320.0001,1200
24.06.2024 00:14:01.395,97.70299999999999,97.693,1200,1200
24.06.2024 00:14:02.400,97.705,97.69500000000001,1200,1200
24.06.2024 00:14:05.720,97.704,97.694,1200,1200
24.06.2024 00:14:05.923,97.712,97.70299999999999,1500,1200
24.06.2024 00:14:06.024,97.712,97.70299999999999,1200,1200
24.06.2024 00:14:06.729,97.714,97.704,1320.0001,1200
24.06.2024 00:14:07.133,97.714,97.704,1200,1200
24.06.2024 00:14:09.097,97.714,97.704,1320.0001,1200
24.06.2024 00:14:11.712,97.712,97.70299999999999,1320.0001,1200
24.06.2024 00:14:11.763,97.708,97.698,1200,1200
24.06.2024 00:14:11.865,97.708,97.698,1320.0001,1200
24.06.2024 00:14:12.168,97.71000000000001,97.699,1320.0001,1200
24.06.2024 00:14:12.269,97.708,97.698,1320.0001,1200
24.06.2024 00:14:12.320,97.70700000000001,97.69600000000001,1200,1200
24.06.2024 00:14:19.553,97.709,97.699,1210,1200
24.06.2024 00:14:23.321,97.713,97.70200000000001,1320.0001,1200
24.06.2024 00:14:23.372,97.71100000000001,97.7,1200,1200
24.06.2024 00:14:23.473,97.709,97.698,1200,1200
24.06.2024 00:14:26.040,97.708,97.697,1320.0001,1200
24.06.2024 00:14:26.393,97.706,97.69500000000001,1200,1200
24.06.2024 00:14:26.897,97.708,97.697,1320.0001,1200
24.06.2024 00:14:27.050,97.705,97.694,1200,1200
24.06.2024 00:14:27.554,97.70700000000001,97.69600000000001,1320.0001,1120
24.06.2024 00:14:27.656,97.71100000000001,97.698,1320.0001,1120
24.06.2024 00:14:29.766,97.71100000000001,97.698,1320.0001,1120
24.06.2024 00:14:29.868,97.71100000000001,97.698,1320.0001,2099.9999
24.06.2024 00:14:31.628,97.71100000000001,97.699,1320.0001,1120
24.06.2024 00:14:31.981,97.71100000000001,97.698,1200,1500
24.06.2024 00:14:35.149,97.71100000000001,97.698,1320.0001,2099.9999
24.06.2024 00:14:36.304,97.71100000000001,97.698,1200,2099.9999
24.06.2024 00:14:36.908,97.708,97.69600000000001,1320.0001,1120
24.06.2024 00:14:39.800,97.71000000000001,97.699,1240,1200
24.06.2024 00:14:41.659,97.709,97.698,1240,1200
24.06.2024 00:14:42.312,97.70700000000001,97.69600000000001,1200,1200
24.06.2024 00:14:43.970,97.70700000000001,97.69600000000001,1320.0001,1200
24.06.2024 00:14:45.728,97.705,97.694,1200,1120
24.06.2024 00:14:47.538,97.70700000000001,97.69600000000001,1320.0001,1200
24.06.2024 00:14:50.048,97.70700000000001,97.69600000000001,1320.0001,1200
24.06.2024 00:14:50.250,97.708,97.697,1200,1200
24.06.2024 00:14:51.559,97.70700000000001,97.69500000000001,1200,1120
24.06.2024 00:14:51.661,97.708,97.69600000000001,1320.0001,1200
24.06.2024 00:14:53.473,97.706,97.69500000000001,1200,1120
24.06.2024 00:14:58.201,97.708,97.697,1200,1200
24.06.2024 00:14:59.207,97.709,97.697,1200,1200
24.06.2024 00:14:59.459,97.709,97.697,1320.0001,1200
24.06.2024 00:15:00.012,97.709,97.697,1200,1200
24.06.2024 00:15:00.213,97.708,97.69600000000001,1320.0001,1120
24.06.2024 00:15:07.948,97.71000000000001,97.7,1200,1200
24.06.2024 00:15:08.050,97.708,97.697,1200,1500
24.06.2024 00:15:12.974,97.708,97.697,1200,1500
24.06.2024 00:15:13.377,97.712,97.70100000000001,1200,1120
24.06.2024 00:15:13.478,97.714,97.70299999999999,1320.0001,1200
24.06.2024 00:15:13.780,97.714,97.70299999999999,1200,1200
24.06.2024 00:15:19.935,97.71600000000001,97.704,1620,1200
24.06.2024 00:15:20.037,97.71600000000001,97.704,1210,1200
24.06.2024 00:15:25.012,97.71700000000001,97.705,1200,1200
24.06.2024 00:15:25.466,97.721,97.71000000000001,1320.0001,1200
24.06.2024 00:15:25.568,97.72200000000001,97.71100000000001,1320.0001,1200
24.06.2024 00:15:25.720,97.723,97.713,1200,1200
24.06.2024 00:15:30.095,97.724,97.714,1200,1200
24.06.2024 00:15:30.247,97.723,97.713,1200,1200
24.06.2024 00:15:30.348,97.72500000000001,97.714,1200,1200
24.06.2024 00:15:30.399,97.72200000000001,97.712,1200,1200
24.06.2024 00:15:34.315,97.726,97.71600000000001,1200,1200
24.06.2024 00:15:34.567,97.724,97.714,1200,1200
24.06.2024 00:15:34.820,97.72500000000001,97.714,1200,1200
24.06.2024 00:15:34.921,97.727,97.71700000000001,1200,1200
24.06.2024 00:15:35.424,97.729,97.71799999999999,1200,1200
24.06.2024 00:15:37.737,97.728,97.71799999999999,1200,1200
24.06.2024 00:15:38.692,97.726,97.71600000000001,1200,1200
24.06.2024 00:15:38.794,97.726,97.71700000000001,1200,1200
24.06.2024 00:15:40.351,97.728,97.71700000000001,1200,1200
24.06.2024 00:15:40.706,97.726,97.714,1200,1200
24.06.2024 00:15:41.110,97.724,97.714,1200,1200
24.06.2024 00:15:42.771,97.726,97.71600000000001,1200,1200
24.06.2024 00:15:52.822,97.726,97.715,1200,1200
24.06.2024 00:16:00.170,97.726,97.713,1200,1200
24.06.2024 00:16:00.221,97.72200000000001,97.71100000000001,1200,1200
24.06.2024 00:16:00.323,97.719,97.70700000000001,1200,1200
24.06.2024 00:16:00.777,97.72,97.70700000000001,1200,1200
24.06.2024 00:16:01.030,97.719,97.708,1200,1200
24.06.2024 00:16:01.082,97.71799999999999,97.706,1200,1320.0001
24.06.2024 00:16:03.849,97.71799999999999,97.706,1200,1320.0001
24.06.2024 00:16:04.001,97.72,97.708,1200,1200
24.06.2024 00:16:04.102,97.719,97.70700000000001,1200,1320.0001
24.06.2024 00:16:04.857,97.719,97.70700000000001,1200,1320.0001
24.06.2024 00:16:06.768,97.72,97.709,1200,1320.0001
24.06.2024 00:16:07.273,97.721,97.71000000000001,1200,1320.0001
24.06.2024 00:16:08.280,97.724,97.713,1200,1200
24.06.2024 00:16:09.438,97.72200000000001,97.71100000000001,1200,1200
24.06.2024 00:16:09.489,97.72200000000001,97.709,1200,1320.0001
24.06.2024 00:16:09.892,97.72200000000001,97.709,1200,1320.0001
24.06.2024 00:16:13.864,97.72200000000001,97.709,1200,1320.0001
24.06.2024 00:16:15.069,97.72200000000001,97.71000000000001,1200,1200
24.06.2024 00:16:15.171,97.72500000000001,97.712,1200,1200
24.06.2024 00:16:15.726,97.727,97.71600000000001,1200,1200
24.06.2024 00:16:19.850,97.726,97.713,1200,1320.0001
24.06.2024 00:16:19.951,97.727,97.715,1200,1320.0001
24.06.2024 00:16:31.813,97.727,97.715,1200,1320.0001
24.06.2024 00:16:32.518,97.727,97.715,1200,1200
24.06.2024 00:16:33.523,97.727,97.715,1200,1320.0001
24.06.2024 00:16:33.625,97.73100000000001,97.72,1200,1200
24.06.2024 00:16:33.726,97.729,97.71700000000001,1200,1320.0001
24.06.2024 00:16:34.079,97.73100000000001,97.719,1200,1120
24.06.2024 00:16:34.130,97.73299999999999,97.721,1200,1200
24.06.2024 00:16:34.232,97.73100000000001,97.719,1200,1200
24.06.2024 00:16:34.786,97.73200000000001,97.721,1320.0001,1200
24.06.2024 00:16:38.874,97.73100000000001,97.719,1200,1200
24.06.2024 00:16:40.634,97.73100000000001,97.719,1200,1320.0001
24.06.2024 00:16:41.941,97.73100000000001,97.719,1200,1320.0001
24.06.2024 00:16:41.992,97.727,97.71600000000001,1200,1320.0001
24.06.2024 00:16:42.094,97.727,97.71600000000001,1200,1620
24.06.2024 00:16:42.195,97.727,97.71600000000001,1200,1620
24.06.2024 00:16:42.246,97.726,97.715,1200,1210
24.06.2024 00:16:47.180,97.726,97.715,1200,1240
24.06.2024 00:16:47.834,97.726,97.715,1200,1120
24.06.2024 00:16:59.443,97.726,97.714,1200,1210
24.06.2024 00:17:00.199,97.727,97.71600000000001,1200,1200
24.06.2024 00:17:00.301,97.726,97.714,1200,1320.0001
24.06.2024 00:17:07.483,97.728,97.71700000000001,1200,1200
24.06.2024 00:17:09.091,97.728,97.71799999999999,1200,1200
24.06.2024 00:17:17.031,97.727,97.715,1200,1320.0001
24.06.2024 00:17:17.484,97.727,97.715,1200,1320.0001
24.06.2024 00:17:17.585,97.726,97.713,1200,1320.0001
24.06.2024 00:17:18.138,97.726,97.713,1200,1320.0001
24.06.2024 00:17:22.572,97.726,97.714,1200,1320.0001
24.06.2024 00:17:33.119,97.726,97.714,1200,1320.0001
24.06.2024 00:17:34.980,97.726,97.715,1200,1320.0001
24.06.2024 00:17:36.337,97.726,97.71700000000001,1200,1200
24.06.2024 00:17:36.741,97.73100000000001,97.721,1200,1200
24.06.2024 00:17:37.195,97.73200000000001,97.723,1200,1200
24.06.2024 00:17:42.323,97.73200000000001,97.72200000000001,1200,1320.0001
24.06.2024 00:17:43.484,97.734,97.724,1200,1200
24.06.2024 00:17:45.343,97.736,97.726,1200,1200
24.06.2024 00:17:45.444,97.734,97.724,1200,1320.0001
24.06.2024 00:17:47.857,97.736,97.726,1320.0001,1200
24.06.2024 00:17:48.109,97.735,97.72500000000001,1200,1200
24.06.2024 00:17:48.513,97.735,97.72500000000001,1320.0001,1200
24.06.2024 00:17:49.621,97.735,97.72500000000001,1200,1200
24.06.2024 00:17:52.939,97.735,97.72500000000001,1320.0001,1200
24.06.2024 00:17:53.592,97.735,97.72500000000001,1320.0001,1200
24.06.2024 00:17:55.200,97.734,97.723,1200,1200
24.06.2024 00:17:57.515,97.734,97.723,1320.0001,1200
24.06.2024 00:17:58.017,97.73200000000001,97.721,1320.0001,1200
24.06.2024 00:18:01.133,97.73100000000001,97.72,1320.0001,1200
24.06.2024 00:18:01.285,97.73,97.719,1320.0001,1200
24.06.2024 00:18:01.740,97.73,97.719,1320.0001,1200
24.06.2024 00:18:02.897,97.73200000000001,97.72200000000001,1320.0001,1200
24.06.2024 00:18:02.998,97.73100000000001,97.719,1200,1500
24.06.2024 00:18:04.155,97.73100000000001,97.719,1320.0001,1120
24.06.2024 00:18:13.302,97.73100000000001,97.719,1320.0001,1120
24.06.2024 00:18:17.834,97.73100000000001,97.719,1320.0001,1200
24.06.2024 00:18:18.339,97.73100000000001,97.719,1320.0001,1200
24.06.2024 00:18:18.793,97.73100000000001,97.719,1320.0001,1200
24.06.2024 00:18:22.963,97.73100000000001,97.719,1320.0001,1200
24.06.2024 00:18:26.327,97.728,97.71700000000001,1200,1120
24.06.2024 00:18:26.428,97.729,97.71799999999999,1200,1200
24.06.2024 00:18:28.539,97.726,97.715,1200,1200
24.06.2024 00:18:28.641,97.724,97.713,1200,1200
24.06.2024 00:18:33.265,97.72200000000001,97.71100000000001,1200,1200
24.06.2024 00:18:33.366,97.719,97.708,1200,1200
24.06.2024 00:18:40.391,97.719,97.709,1200,1200
24.06.2024 00:18:40.492,97.719,97.708,1200,1800
24.06.2024 00:18:47.981,97.719,97.708,1200,1500
24.06.2024 00:18:49.539,97.721,97.71000000000001,1200,1200
24.06.2024 00:18:49.590,97.724,97.713,1200,1200
24.06.2024 00:18:53.963,97.72500000000001,97.714,1200,1200
24.06.2024 00:18:54.718,97.727,97.715,1200,1200
24.06.2024 00:18:57.281,97.728,97.71700000000001,1200,1200
24.06.2024 00:18:57.584,97.729,97.71700000000001,1200,1200
24.06.2024 00:18:57.988,97.727,97.715,1200,1200
24.06.2024 00:19:00.151,97.72500000000001,97.715,1320.0001,1200
24.06.2024 00:19:00.807,97.724,97.714,1200,1200
24.06.2024 00:19:01.009,97.723,97.71100000000001,1200,1200
24.06.2024 00:19:01.059,97.72,97.709,1200,1200
24.06.2024 00:19:13.629,97.723,97.71100000000001,1320.0001,1200
24.06.2024 00:19:13.983,97.72200000000001,97.71000000000001,1200,1200
24.06.2024 00:19:14.990,97.72200000000001,97.71100000000001,1200,1200
24.06.2024 00:19:15.142,97.721,97.71000000000001,1200,1200
24.06.2024 00:19:15.847,97.719,97.709,1200,1200
24.06.2024 00:19:19.621,97.71700000000001,97.70700000000001,1200,1200
24.06.2024 00:19:19.723,97.71600000000001,97.706,1200,1200
24.06.2024 00:19:30.376,97.71700000000001,97.706,1200,1200
24.06.2024 00:19:37.918,97.71700000000001,97.706,1320.0001,1200
24.06.2024 00:19:38.121,97.715,97.704,1200,1200
24.06.2024 00:19:38.424,97.71700000000001,97.705,1320.0001,1200
24.06.2024 00:19:48.425,97.71700000000001,97.706,1320.0001,1200
24.06.2024 00:19:58.086,97.71700000000001,97.706,1320.0001,1200
24.06.2024 00:20:05.719,97.71799999999999,97.70700000000001,1210,1200
24.06.2024 00:20:07.028,97.71799999999999,97.70700000000001,1320.0001,1200
24.06.2024 00:20:17.575,97.715,97.705,1320.0001,1200
24.06.2024 00:20:17.777,97.715,97.705,1320.0001,1200
24.06.2024 00:20:19.287,97.71700000000001,97.706,1320.0001,1200
24.06.2024 00:20:20.393,97.71700000000001,97.706,1320.0001,1200
24.06.2024 00:20:20.645,97.71700000000001,97.706,1920,1200
24.06.2024 00:20:21.399,97.71700000000001,97.706,1320.0001,1200
24.06.2024 00:20:22.857,97.715,97.704,1320.0001,1500
24.06.2024 00:20:22.908,97.715,97.704,1320.0001,1500
24.06.2024 00:20:23.562,97.715,97.704,1320.0001,1120
24.06.2024 00:20:24.266,97.715,97.704,1320.0001,1120
24.06.2024 00:20:24.418,97.715,97.704,1320.0001,1500
24.06.2024 00:20:27.030,97.715,97.704,1320.0001,1500
24.06.2024 00:20:27.132,97.71700000000001,97.706,1320.0001,1200
24.06.2024 00:20:28.039,97.71700000000001,97.706,1320.0001,1200
24.06.2024 00:20:29.145,97.715,97.704,1320.0001,1500
24.06.2024 00:20:32.963,97.715,97.704,1320.0001,1120
24.06.2024 00:20:35.271,97.715,97.704,1320.0001,1120
24.06.2024 00:20:35.925,97.715,97.704,1320.0001,1120
24.06.2024 00:20:36.982,97.715,97.704,1320.0001,2099.9999
24.06.2024 00:20:40.248,97.715,97.704,1320.0001,1500
24.06.2024 00:20:44.236,97.71600000000001,97.704,1320.0001,2020
24.06.2024 00:20:45.391,97.71600000000001,97.705,1320.0001,1200
24.06.2024 00:20:45.492,97.71600000000001,97.705,1320.0001,1200
24.06.2024 00:20:47.604,97.71600000000001,97.704,1320.0001,1120
24.06.2024 00:20:48.256,97.71600000000001,97.704,1200,1120
24.06.2024 00:20:48.357,97.719,97.70700000000001,1240,1200
24.06.2024 00:20:57.194,97.719,97.70700000000001,1320.0001,1200
24.06.2024 00:21:04.983,97.719,97.70700000000001,1320.0001,1200
24.06.2024 00:21:08.801,97.71700000000001,97.705,1320.0001,2099.9999
24.06.2024 00:21:08.952,97.715,97.704,1320.0001,1500
24.06.2024 00:21:09.055,97.709,97.697,1200,3000
24.06.2024 00:21:09.257,97.712,97.7,1320.0001,1800
24.06.2024 00:21:09.611,97.71100000000001,97.7,1320.0001,1200
24.06.2024 00:21:22.776,97.71100000000001,97.7,1320.0001,1200
24.06.2024 00:21:28.592,97.71100000000001,97.7,1320.0001,1200
24.06.2024 00:21:31.254,97.71000000000001,97.699,1320.0001,1200
24.06.2024 00:21:36.306,97.71000000000001,97.699,1320.0001,1800
24.06.2024 00:21:36.611,97.71000000000001,97.699,1320.0001,1800
24.06.2024 00:21:36.713,97.71000000000001,97.699,1320.0001,1200
24.06.2024 00:21:37.268,97.71000000000001,97.699,1320.0001,1200
24.06.2024 00:21:37.370,97.712,97.70100000000001,1320.0001,1200
24.06.2024 00:21:38.677,97.714,97.70299999999999,1320.0001,1200
24.06.2024 00:21:44.697,97.714,97.70299999999999,1320.0001,1200
24.06.2024 00:21:52.381,97.715,97.706,1320.0001,1200
24.06.2024 00:21:53.537,97.715,97.706,1320.0001,1200
24.06.2024 00:21:55.295,97.715,97.706,1320.0001,1200
24.06.2024 00:21:55.496,97.71700000000001,97.70700000000001,1320.0001,1200
24.06.2024 00:21:56.704,97.715,97.705,1320.0001,1200
24.06.2024 00:21:57.208,97.715,97.705,1320.0001,1200
24.06.2024 00:21:57.963,97.71600000000001,97.70700000000001,1320.0001,1200
24.06.2024 00:21:58.066,97.72,97.71000000000001,1320.0001,1200
24.06.2024 00:22:03.340,97.724,97.715,1320.0001,1200
24.06.2024 00:22:03.391,97.726,97.71700000000001,1320.0001,1200
24.06.2024 00:22:04.247,97.727,97.71799999999999,1320.0001,1200
24.06.2024 00:22:04.500,97.727,97.71799999999999,1320.0001,1200
24.06.2024 00:22:04.651,97.724,97.714,1320.0001,1200
24.06.2024 00:22:05.658,97.724,97.714,1320.0001,1200
24.06.2024 00:22:06.363,97.724,97.714,1320.0001,1200
24.06.2024 00:22:09.173,97.724,97.714,1320.0001,1200
24.06.2024 00:22:09.274,97.72200000000001,97.712,1320.0001,1200
24.06.2024 00:22:10.833,97.72,97.71000000000001,1320.0001,1200
24.06.2024 00:22:14.200,97.72,97.71000000000001,1320.0001,1200
24.06.2024 00:22:14.653,97.72,97.71000000000001,1320.0001,1200
24.06.2024 00:22:16.063,97.719,97.709,1320.0001,1200
24.06.2024 00:22:18.427,97.719,97.709,1320.0001,1200
24.06.2024 00:22:18.881,97.71700000000001,97.70700000000001,1320.0001,1200
24.06.2024 00:22:18.983,97.71700000000001,97.70700000000001,1320.0001,1200
24.06.2024 00:22:19.286,97.71600000000001,97.706,1320.0001,1200
24.06.2024 00:22:21.167,97.71600000000001,97.706,1320.0001,1200
24.06.2024 00:22:23.981,97.71600000000001,97.706,1320.0001,1200
24.06.2024 00:22:24.284,97.71600000000001,97.706,1320.0001,1200
24.06.2024 00:22:25.540,97.715,97.705,1320.0001,1200
24.06.2024 00:22:25.641,97.715,97.705,1320.0001,1200
24.06.2024 00:22:26.145,97.712,97.70200000000001,1320.0001,1200
24.06.2024 00:22:27.306,97.712,97.70200000000001,1320.0001,1200
24.06.2024 00:22:27.659,97.714,97.704,1320.0001,1200
24.06.2024 00:22:27.710,97.715,97.705,1320.0001,1200
24.06.2024 00:22:29.070,97.715,97.705,1320.0001,1200
24.06.2024 00:22:29.825,97.715,97.705,1320.0001,1200
24.06.2024 00:22:29.877,97.71799999999999,97.70700000000001,1320.0001,1200
24.06.2024 00:22:29.928,97.71799999999999,97.70700000000001,1320.0001,1200
24.06.2024 00:22:30.481,97.71600000000001,97.706,1320.0001,1200
24.06.2024 00:22:32.690,97.71600000000001,97.704,1320.0001,1200
24.06.2024 00:22:36.957,97.71600000000001,97.704,1320.0001,1200
24.06.2024 00:22:38.566,97.71600000000001,97.704,1320.0001,1200
24.06.2024 00:22:40.630,97.71600000000001,97.704,1320.0001,1200
24.06.2024 00:22:41.234,97.714,97.70200000000001,1320.0001,1200
24.06.2024 00:22:41.487,97.71100000000001,97.7,1320.0001,1200
24.06.2024 00:22:41.538,97.71000000000001,97.697,1320.0001,1200
24.06.2024 00:22:41.589,97.70700000000001,97.69500000000001,1320.0001,1200
24.06.2024 00:22:44.807,97.70700000000001,97.69500000000001,1320.0001,1200
24.06.2024 00:22:46.564,97.70700000000001,97.69500000000001,1320.0001,1200
24.06.2024 00:22:47.269,97.706,97.69600000000001,1320.0001,1200
24.06.2024 00:22:47.521,97.706,97.69600000000001,1320.0001,1200
24.06.2024 00:22:47.623,97.70700000000001,97.697,1320.0001,1200
24.06.2024 00:22:48.277,97.709,97.699,1320.0001,1200
24.06.2024 00:22:48.530,97.709,97.7,1320.0001,1200
24.06.2024 00:22:48.983,97.709,97.7,1320.0001,1200
24.06.2024 00:22:50.942,97.714,97.704,1320.0001,1200
24.06.2024 00:22:51.748,97.715,97.705,1320.0001,1200
24.06.2024 00:23:01.494,97.71600000000001,97.706,1320.0001,1200
24.06.2024 00:23:01.545,97.71799999999999,97.708,1320.0001,1200
24.06.2024 00:23:01.697,97.71600000000001,97.706,1320.0001,1200
24.06.2024 00:23:06.091,97.71600000000001,97.706,1320.0001,1200
24.06.2024 00:23:06.243,97.71600000000001,97.708,1320.0001,1200
24.06.2024 00:23:06.446,97.72,97.71000000000001,1320.0001,1200
24.06.2024 00:23:06.850,97.72,97.71000000000001,1320.0001,1200
24.06.2024 00:23:07.354,97.72,97.71000000000001,1320.0001,1200
24.06.2024 00:23:10.769,97.721,97.71100000000001,1320.0001,1200
24.06.2024 00:23:11.273,97.723,97.714,1920,1200
24.06.2024 00:23:12.530,97.72200000000001,97.713,1320.0001,1200
24.06.2024 00:23:15.345,97.723,97.713,1320.0001,1200
24.06.2024 00:23:16.854,97.723,97.713,1320.0001,1200
24.06.2024 00:23:17.107,97.723,97.713,1320.0001,1200
24.06.2024 00:23:17.609,97.723,97.713,1320.0001,1200
24.06.2024 00:23:17.660,97.72500000000001,97.715,1920,1200
24.06.2024 00:23:17.913,97.723,97.714,1320.0001,1200
24.06.2024 00:23:25.296,97.723,97.714,1200,1200
24.06.2024 00:23:28.009,97.72500000000001,97.714,1320.0001,1200
24.06.2024 00:23:28.161,97.72500000000001,97.714,1320.0001,1200
24.06.2024 00:23:29.867,97.723,97.714,1200,1200
24.06.2024 00:23:32.430,97.723,97.713,1200,1200
24.06.2024 00:23:36.447,97.72500000000001,97.715,1320.0001,1200
24.06.2024 00:23:36.649,97.726,97.71700000000001,1320.0001,1200
24.06.2024 00:23:36.751,97.726,97.71700000000001,1200,1200
24.06.2024 00:23:37.105,97.724,97.715,1320.0001,1200
24.06.2024 00:23:37.206,97.723,97.713,1200,1200
24.06.2024 00:23:42.630,97.724,97.715,1320.0001,1200
24.06.2024 00:23:42.731,97.724,97.714,1320.0001,1200
24.06.2024 00:23:47.199,97.72200000000001,97.712,1200,1200
24.06.2024 00:24:12.073,97.721,97.712,1200,1200
24.06.2024 00:24:20.261,97.719,97.709,1200,1800
24.06.2024 00:24:29.801,97.72200000000001,97.71100000000001,1320.0001,1200
24.06.2024 00:24:32.262,97.72200000000001,97.71100000000001,1320.0001,1200
24.06.2024 00:24:47.229,97.72200000000001,97.71100000000001,1200,1200
24.06.2024 00:24:49.373,97.72200000000001,97.71100000000001,1320.0001,1200
24.06.2024 00:24:54.339,97.71700000000001,97.706,1200,1200
24.06.2024 00:24:54.440,97.71700000000001,97.706,1320.0001,1200
24.06.2024 00:24:55.850,97.71700000000001,97.706,1320.0001,1200
24.06.2024 00:24:57.658,97.71700000000001,97.706,1320.0001,1200
24.06.2024 00:25:01.178,97.71700000000001,97.708,1320.0001,1200
24.06.2024 00:25:01.279,97.71700000000001,97.706,1320.0001,1200
24.06.2024 00:25:06.660,97.72200000000001,97.71100000000001,1320.0001,1200
24.06.2024 00:25:10.778,97.723,97.712,1320.0001,1200
24.06.2024 00:25:12.234,97.721,97.712,1320.0001,1200
24.06.2024 00:25:13.642,97.721,97.71100000000001,1320.0001,1200
24.06.2024 00:25:13.895,97.721,97.71100000000001,1200,1200
24.06.2024 00:25:15.907,97.719,97.71000000000001,1200,1200
24.06.2024 00:25:16.008,97.719,97.709,1200,1200
24.06.2024 00:25:21.880,97.719,97.708,1200,1200
24.06.2024 00:25:33.838,97.719,97.709,1200,1200
24.06.2024 00:25:34.091,97.719,97.708,1200,1200
24.06.2024 00:25:37.354,97.723,97.712,1320.0001,1200
24.06.2024 00:25:37.455,97.723,97.712,1200,1200
24.06.2024 00:25:40.624,97.72,97.709,1200,1200
24.06.2024 00:25:41.128,97.72200000000001,97.71100000000001,1320.0001,1200
24.06.2024 00:25:46.201,97.723,97.712,1800,1200
24.06.2024 00:25:46.606,97.723,97.714,1200,1200
24.06.2024 00:25:52.131,97.723,97.712,1200,1200
24.06.2024 00:25:56.956,97.72500000000001,97.715,1200,1200
24.06.2024 00:25:57.058,97.727,97.71700000000001,1200,1200
24.06.2024 00:25:58.667,97.729,97.71799999999999,1200,1200
24.06.2024 00:26:00.126,97.729,97.72,1200,1200
24.06.2024 00:26:02.238,97.727,97.71700000000001,1320.0001,1200
24.06.2024 00:26:02.692,97.72500000000001,97.715,1320.0001,1200
24.06.2024 00:26:03.647,97.727,97.71700000000001,1240,1200
24.06.2024 00:26:05.807,97.726,97.714,1320.0001,1200
24.06.2024 00:26:07.064,97.726,97.714,1320.0001,1200
24.06.2024 00:26:07.819,97.726,97.714,1320.0001,1200
24.06.2024 00:26:08.121,97.724,97.713,1320.0001,1200
24.06.2024 00:26:08.474,97.726,97.715,1620,1200
24.06.2024 00:26:08.778,97.726,97.715,1320.0001,1200
24.06.2024 00:26:11.994,97.72500000000001,97.714,1320.0001,1200
24.06.2024 00:26:17.820,97.72500000000001,97.714,1320.0001,1200
24.06.2024 00:26:17.922,97.724,97.713,1320.0001,1200
24.06.2024 00:26:21.237,97.724,97.713,1320.0001,1200
24.06.2024 00:26:21.990,97.72200000000001,97.71100000000001,1320.0001,1200
24.06.2024 00:26:22.092,97.721,97.71000000000001,1320.0001,1200
24.06.2024 00:26:22.394,97.72200000000001,97.71100000000001,1320.0001,1200
24.06.2024 00:26:22.546,97.721,97.71000000000001,1320.0001,1200
24.06.2024 00:26:25.260,97.72200000000001,97.71100000000001,1320.0001,1200
24.06.2024 00:26:25.562,97.71799999999999,97.70700000000001,1320.0001,1120
24.06.2024 00:26:26.116,97.71799999999999,97.70700000000001,1320.0001,1200
24.06.2024 00:26:27.031,97.72,97.71000000000001,1320.0001,1200
24.06.2024 00:26:27.133,97.72,97.71000000000001,1320.0001,1200
24.06.2024 00:26:31.752,97.721,97.71100000000001,1320.0001,1200
24.06.2024 00:26:33.010,97.721,97.71100000000001,1320.0001,1200
24.06.2024 00:26:34.270,97.721,97.71100000000001,1320.0001,1120
24.06.2024 00:26:34.622,97.721,97.71100000000001,1320.0001,1120
24.06.2024 00:26:35.777,97.721,97.71100000000001,1320.0001,1120
24.06.2024 00:26:36.382,97.723,97.71100000000001,1320.0001,2020
24.06.2024 00:26:37.035,97.723,97.71100000000001,1320.0001,2099.9999
24.06.2024 00:26:43.316,97.724,97.713,1320.0001,1200
24.06.2024 00:26:43.468,97.727,97.715,1240,1200
24.06.2024 00:26:46.484,97.72500000000001,97.713,1320.0001,1200
24.06.2024 00:26:50.954,97.723,97.71100000000001,1320.0001,1200
24.06.2024 00:26:53.617,97.72,97.708,1320.0001,1200
24.06.2024 00:26:53.769,97.72,97.708,1320.0001,1200
24.06.2024 00:26:54.022,97.72,97.708,1320.0001,1800
24.06.2024 00:26:54.123,97.72200000000001,97.71100000000001,1320.0001,1200
24.06.2024 00:26:55.582,97.71799999999999,97.705,1320.0001,1800
24.06.2024 00:26:55.734,97.71799999999999,97.706,1320.0001,1200
24.06.2024 00:26:55.886,97.719,97.70700000000001,1320.0001,1800
24.06.2024 00:26:56.340,97.71700000000001,97.705,1320.0001,1200
24.06.2024 00:26:57.447,97.71799999999999,97.70700000000001,1320.0001,1200
24.06.2024 00:26:57.549,97.71700000000001,97.706,1320.0001,1200
24.06.2024 00:26:57.851,97.719,97.70700000000001,1320.0001,1200
24.06.2024 00:26:59.008,97.71799999999999,97.706,1320.0001,1200
24.06.2024 00:26:59.059,97.715,97.70299999999999,1320.0001,1800
24.06.2024 00:26:59.110,97.713,97.7,1320.0001,1200
24.06.2024 00:26:59.312,97.71100000000001,97.699,1320.0001,2020
24.06.2024 00:26:59.414,97.71100000000001,97.699,1320.0001,1200
24.06.2024 00:26:59.515,97.71100000000001,97.7,1320.0001,1200
24.06.2024 00:26:59.617,97.71100000000001,97.699,1320.0001,1800
24.06.2024 00:26:59.819,97.71100000000001,97.699,1320.0001,1200
24.06.2024 00:27:01.229,97.713,97.70100000000001,1320.0001,1800
24.06.2024 00:27:01.280,97.71000000000001,97.698,1320.0001,1500
24.06.2024 00:27:01.382,97.71100000000001,97.7,1320.0001,1200
24.06.2024 00:27:01.634,97.71100000000001,97.7,1320.0001,1200
24.06.2024 00:27:05.003,97.708,97.697,1320.0001,1200
24.06.2024 00:27:06.915,97.70700000000001,97.69500000000001,1320.0001,1800
24.06.2024 00:27:09.378,97.709,97.697,1620,1200
24.06.2024 00:27:09.681,97.70700000000001,97.69600000000001,1320.0001,1200
24.06.2024 00:27:10.035,97.708,97.698,1320.0001,1200
24.06.2024 00:27:10.237,97.708,97.698,1320.0001,1200
24.06.2024 00:27:10.339,97.71000000000001,97.699,1240,1200
24.06.2024 00:27:10.390,97.71000000000001,97.699,1320.0001,1200
24.06.2024 00:27:11.044,97.71000000000001,97.699,1320.0001,1200
24.06.2024 00:27:11.597,97.71000000000001,97.698,1240,1200
24.06.2024 00:27:11.799,97.709,97.697,1320.0001,1200
24.06.2024 00:27:11.951,97.708,97.69600000000001,1240,1200
24.06.2024 00:27:13.258,97.709,97.698,1620,1200
24.06.2024 00:27:14.847,97.709,97.699,1240,1200
24.06.2024 00:27:14.898,97.708,97.697,1320.0001,1200
24.06.2024 00:27:15.051,97.71000000000001,97.698,1320.0001,1500
24.06.2024 00:27:15.102,97.71000000000001,97.698,1320.0001,1120
24.06.2024 00:27:15.203,97.712,97.70100000000001,1320.0001,1200
24.06.2024 00:27:15.455,97.714,97.70100000000001,1320.0001,1120
24.06.2024 00:27:15.556,97.715,97.70299999999999,1320.0001,1200
24.06.2024 00:27:17.015,97.714,97.70299999999999,1320.0001,1200
24.06.2024 00:27:17.116,97.715,97.705,1320.0001,1200
24.06.2024 00:27:17.722,97.715,97.705,1320.0001,1200
24.06.2024 00:27:18.428,97.715,97.705,1320.0001,1200
24.06.2024 00:27:18.781,97.71700000000001,97.706,1320.0001,1200
24.06.2024 00:27:19.988,97.715,97.704,1320.0001,1200
24.06.2024 00:27:24.211,97.715,97.704,1320.0001,1200
24.06.2024 00:27:24.715,97.715,97.704,1320.0001,1200
24.06.2024 00:27:25.470,97.715,97.704,1320.0001,1200
24.06.2024 00:27:29.789,97.71700000000001,97.706,1320.0001,1200
24.06.2024 00:27:42.543,97.71700000000001,97.706,1320.0001,1200
24.06.2024 00:27:42.595,97.71799999999999,97.708,1320.0001,1200
24.06.2024 00:27:44.657,97.71799999999999,97.708,1320.0001,1200
24.06.2024 00:27:51.940,97.71799999999999,97.708,1200,1200
24.06.2024 00:27:55.660,97.715,97.704,1200,1200
24.06.2024 00:27:55.914,97.71600000000001,97.704,1320.0001,1200
24.06.2024 00:28:04.937,97.719,97.708,1500,1200
24.06.2024 00:28:04.988,97.719,97.708,1200,1200
24.06.2024 00:28:14.934,97.719,97.709,1320.0001,1200
24.06.2024 00:28:35.985,97.719,97.709,1620,1200
24.06.2024 00:28:39.349,97.719,97.709,1200,1200
24.06.2024 00:28:41.260,97.71799999999999,97.709,1200,1200
24.06.2024 00:28:41.361,97.71600000000001,97.705,1200,1200
24.06.2024 00:28:51.341,97.71799999999999,97.708,1200,1200
24.06.2024 00:29:01.441,97.71799999999999,97.709,1200,1200
24.06.2024 00:29:06.723,97.719,97.709,1200,1200
24.06.2024 00:29:18.074,97.719,97.709,1500,1200
24.06.2024 00:29:26.965,97.719,97.709,1120,1200
24.06.2024 00:29:48.498,97.721,97.712,1320.0001,1200
24.06.2024 00:29:48.600,97.72200000000001,97.713,1200,1200
24.06.2024 00:29:49.356,97.724,97.713,1200,1200
24.06.2024 00:29:49.508,97.727,97.71600000000001,1200,1200
24.06.2024 00:29:49.760,97.72500000000001,97.71600000000001,1200,1200
24.06.2024 00:29:52.577,97.727,97.71600000000001,1320.0001,1200
24.06.2024 00:29:53.936,97.72500000000001,97.715,1200,1200
24.06.2024 00:29:55.848,97.726,97.71700000000001,1200,1200
24.06.2024 00:29:56.150,97.726,97.71600000000001,1320.0001,1200
24.06.2024 00:29:56.252,97.72500000000001,97.715,1200,1200
24.06.2024 00:29:56.353,97.72200000000001,97.71000000000001,1200,1500
24.06.2024 00:29:56.455,97.724,97.714,1200,1200
24.06.2024 00:29:57.611,97.72500000000001,97.715,1200,1200
24.06.2024 00:29:59.570,97.727,97.71600000000001,1200,1200
24.06.2024 00:30:00.225,97.724,97.714,1200,1200
24.06.2024 00:30:00.633,97.72500000000001,97.714,1200,1200
24.06.2024 00:30:09.120,97.729,97.719,1620,1200
24.06.2024 00:30:09.171,97.73200000000001,97.721,1120,1200
24.06.2024 00:30:11.785,97.73,97.721,1200,1200
24.06.2024 00:30:13.845,97.73100000000001,97.72200000000001,1200,1200
24.06.2024 00:30:18.116,97.73200000000001,97.723,1200,1200
24.06.2024 00:30:20.805,97.73299999999999,97.723,1200,1200
24.06.2024 00:30:30.900,97.73299999999999,97.723,1500,1200
24.06.2024 00:30:34.671,97.73299999999999,97.723,1200,1200
24.06.2024 00:30:37.137,97.73299999999999,97.723,1500,1200
24.06.2024 00:30:37.641,97.73299999999999,97.723,1500,1200
24.06.2024 00:30:40.956,97.73100000000001,97.72200000000001,1200,1200
24.06.2024 00:30:41.863,97.73299999999999,97.72200000000001,1120,1200
24.06.2024 00:30:43.572,97.73100000000001,97.72200000000001,1200,1200
24.06.2024 00:30:49.350,97.728,97.719,1200,1200
24.06.2024 00:30:49.452,97.72200000000001,97.713,1200,1200
24.06.2024 00:30:52.419,97.724,97.713,1120,1200
24.06.2024 00:31:00.108,97.72200000000001,97.713,1200,1200
24.06.2024 00:31:03.173,97.72200000000001,97.71100000000001,1200,1200
24.06.2024 00:31:14.088,97.72200000000001,97.712,1200,1200
24.06.2024 00:31:17.508,97.724,97.713,1320.0001,1200
24.06.2024 00:31:17.761,97.727,97.71600000000001,1320.0001,1200
24.06.2024 00:31:17.812,97.727,97.71600000000001,1320.0001,1200
24.06.2024 00:31:19.421,97.727,97.71600000000001,1320.0001,1200
24.06.2024 00:31:20.176,97.727,97.71600000000001,1200,1200
24.06.2024 00:31:22.688,97.728,97.71700000000001,1200,1200
24.06.2024 00:31:28.063,97.728,97.719,1200,1200
24.06.2024 00:31:28.165,97.73,97.721,1200,1200
24.06.2024 00:31:29.622,97.727,97.71799999999999,1200,1200
24.06.2024 00:31:30.681,97.729,97.719,1200,1200
24.06.2024 00:31:32.040,97.729,97.721,1200,1200
24.06.2024 00:31:36.512,97.729,97.719,1200,1200
24.06.2024 00:31:47.867,97.729,97.719,1620,1200
24.06.2024 00:31:50.380,97.73,97.72,1620,1200
24.06.2024 00:31:50.583,97.73,97.72,1620,1200
24.06.2024 00:31:51.438,97.73,97.72,1200,1200
24.06.2024 00:32:00.151,97.73299999999999,97.723,1240,1200
24.06.2024 00:32:00.403,97.73299999999999,97.723,1200,1200
24.06.2024 00:32:04.022,97.734,97.724,1200,1200
24.06.2024 00:32:04.073,97.738,97.728,1200,1200
24.06.2024 00:32:04.174,97.74000000000001,97.73,1320.0001,1200
24.06.2024 00:32:05.282,97.74000000000001,97.724,1320.0001,2190.0001
24.06.2024 00:32:09.558,97.734,97.721,1200,1620
24.06.2024 00:32:09.660,97.734,97.72,1200,1620
24.06.2024 00:32:10.114,97.73299999999999,97.72,1200,1620
24.06.2024 00:32:10.215,97.73299999999999,97.72,1200,1210
24.06.2024 00:32:10.468,97.735,97.721,1200,1320.0001
24.06.2024 00:32:10.569,97.73700000000001,97.721,1320.0001,1890
24.06.2024 00:32:10.874,97.739,97.723,1240,1200
24.06.2024 00:32:10.975,97.739,97.723,1200,1120
24.06.2024 00:32:13.186,97.73700000000001,97.72200000000001,1200,1620
24.06.2024 00:32:13.638,97.739,97.723,1200,1120
24.06.2024 00:32:13.840,97.739,97.724,1200,1620
24.06.2024 00:32:20.425,97.742,97.72500000000001,1620,1200
24.06.2024 00:32:20.476,97.742,97.726,1320.0001,1500
24.06.2024 00:32:21.331,97.74000000000001,97.724,1200,1620
24.06.2024 00:32:21.836,97.74000000000001,97.724,1200,1620
24.06.2024 00:32:24.650,97.74000000000001,97.723,1320.0001,1500
24.06.2024 00:32:26.963,97.738,97.723,1120,1120
24.06.2024 00:32:29.776,97.73200000000001,97.719,1200,2220
24.06.2024 00:32:29.827,97.73200000000001,97.719,1200,1320.0001
24.06.2024 00:32:30.181,97.73299999999999,97.721,1200,1200
24.06.2024 00:32:30.585,97.73299999999999,97.72,1200,1320.0001
24.06.2024 00:32:33.899,97.734,97.72,1200,1620
24.06.2024 00:32:33.950,97.738,97.723,1320.0001,1320.0001
24.06.2024 00:32:34.052,97.738,97.724,1320.0001,1200
24.06.2024 00:32:36.024,97.738,97.72500000000001,1200,1320.0001
24.06.2024 00:32:37.081,97.738,97.724,1200,1320.0001
24.06.2024 00:32:44.723,97.738,97.726,1200,1200
24.06.2024 00:32:45.075,97.738,97.72500000000001,1200,1320.0001
24.06.2024 00:32:45.881,97.738,97.726,1200,1200
24.06.2024 00:32:45.982,97.738,97.724,1200,1320.0001
24.06.2024 00:32:46.083,97.739,97.724,1200,1320.0001
24.06.2024 00:32:47.189,97.738,97.724,1200,1320.0001
24.06.2024 00:32:52.068,97.738,97.724,1200,1320.0001
24.06.2024 00:32:55.182,97.738,97.72200000000001,1200,1920
24.06.2024 00:33:00.106,97.738,97.723,1200,1320.0001
24.06.2024 00:33:01.014,97.741,97.726,1200,1200
24.06.2024 00:33:02.221,97.742,97.726,1200,2020
24.06.2024 00:33:02.272,97.742,97.728,1200,1200
24.06.2024 00:33:02.373,97.742,97.727,1200,1200
24.06.2024 00:33:02.524,97.742,97.726,1200,2109.9999
24.06.2024 00:33:04.033,97.742,97.727,1320.0001,1200
24.06.2024 00:33:05.744,97.742,97.727,1200,1500
24.06.2024 00:33:07.454,97.742,97.729,1200,1120
24.06.2024 00:33:07.860,97.742,97.73100000000001,1200,1200
24.06.2024 00:33:08.062,97.742,97.728,1200,2190.0001
24.06.2024 00:33:10.832,97.743,97.728,1200,1500
24.06.2024 00:33:11.435,97.743,97.728,1200,1500
24.06.2024 00:33:16.764,97.74000000000001,97.72500000000001,1200,3119.9999
24.06.2024 00:33:16.815,97.74000000000001,97.72500000000001,1200,2220
24.06.2024 00:33:21.943,97.74000000000001,97.72500000000001,1200,2220
24.06.2024 00:33:22.597,97.742,97.726,1200,1620
24.06.2024 00:33:26.181,97.742,97.726,1200,2220
24.06.2024 00:33:28.192,97.742,97.726,1620,1200
24.06.2024 00:33:29.348,97.742,97.727,1500,1320.0001
24.06.2024 00:33:33.174,97.742,97.727,1200,1620
24.06.2024 00:33:33.225,97.744,97.73,1200,1240
24.06.2024 00:33:36.796,97.744,97.73,1200,1120
24.06.2024 00:33:38.254,97.744,97.73,1200,2220
24.06.2024 00:33:38.356,97.742,97.728,1200,1210
24.06.2024 00:33:40.971,97.74600000000001,97.73100000000001,1320.0001,2099.9999
24.06.2024 00:33:44.383,97.743,97.73,1200,1500
24.06.2024 00:33:44.837,97.744,97.73,1200,1620
24.06.2024 00:33:48.057,97.743,97.728,1200,1620
24.06.2024 00:33:54.238,97.743,97.729,1200,1620
24.06.2024 00:33:58.813,97.743,97.73100000000001,1200,1500
24.06.2024 00:34:00.173,97.743,97.73100000000001,1200,1200
24.06.2024 00:34:00.224,97.74600000000001,97.73299999999999,1200,1200
24.06.2024 00:34:00.274,97.743,97.73,1200,1120
24.06.2024 00:34:04.698,97.743,97.729,1200,2020
24.06.2024 00:34:05.152,97.743,97.73,1200,1120
24.06.2024 00:34:05.303,97.743,97.73,1200,1500
24.06.2024 00:34:15.435,97.744,97.73299999999999,1200,1200
24.06.2024 00:34:16.542,97.744,97.73100000000001,1200,1200
24.06.2024 00:34:18.656,97.744,97.73299999999999,1200,1200
24.06.2024 00:34:19.059,97.744,97.73100000000001,1200,1200
24.06.2024 00:34:20.818,97.743,97.73100000000001,1200,1200
24.06.2024 00:34:24.136,97.74600000000001,97.735,1200,1200
24.06.2024 00:34:24.942,97.74799999999999,97.73700000000001,1320.0001,1200
24.06.2024 00:34:25.195,97.75,97.73700000000001,1200,1200
24.06.2024 00:34:25.246,97.751,97.739,1320.0001,1200
24.06.2024 00:34:27.209,97.75,97.73700000000001,1200,1200
24.06.2024 00:34:27.260,97.74700000000001,97.735,1200,1320.0001
24.06.2024 00:34:27.512,97.74700000000001,97.734,1200,1890
24.06.2024 00:34:27.614,97.744,97.73200000000001,1200,1320.0001
24.06.2024 00:34:29.628,97.745,97.73200000000001,1200,1890
24.06.2024 00:34:32.991,97.745,97.73299999999999,1200,1200
24.06.2024 00:34:33.093,97.74700000000001,97.736,1200,1200
24.06.2024 00:34:39.324,97.74700000000001,97.736,1320.0001,1200
24.06.2024 00:34:39.476,97.74600000000001,97.734,1320.0001,1200
24.06.2024 00:34:40.080,97.74600000000001,97.734,1320.0001,1200
24.06.2024 00:34:41.235,97.744,97.73299999999999,1200,1200
24.06.2024 00:34:45.156,97.743,97.73100000000001,1200,1200
24.06.2024 00:34:48.675,97.742,97.73,1200,1200
24.06.2024 00:34:51.088,97.742,97.729,1200,1200
24.06.2024 00:34:53.700,97.742,97.729,1200,1320.0001
24.06.2024 00:34:56.764,97.741,97.728,1200,1320.0001
24.06.2024 00:34:56.865,97.741,97.729,1200,1200
24.06.2024 00:35:01.044,97.74000000000001,97.728,1200,1200
24.06.2024 00:35:06.824,97.74000000000001,97.73,1200,1200
24.06.2024 00:35:06.925,97.742,97.73200000000001,1200,1200
24.06.2024 00:35:08.636,97.74000000000001,97.73,1200,1200
24.06.2024 00:35:09.292,97.739,97.729,1200,1200
24.06.2024 00:35:09.896,97.741,97.73100000000001,1200,1200
24.06.2024 00:35:09.998,97.739,97.729,1200,1200
24.06.2024 00:35:19.746,97.741,97.73100000000001,1200,1200
24.06.2024 00:35:19.796,97.743,97.73200000000001,1200,1200
24.06.2024 00:35:19.848,97.74600000000001,97.735,1320.0001,1200
24.06.2024 00:35:19.949,97.74600000000001,97.736,1200,1200
24.06.2024 00:35:20.252,97.749,97.736,1200,1200
24.06.2024 00:35:20.303,97.75200000000001,97.74000000000001,1320.0001,1200
24.06.2024 00:35:20.405,97.749,97.738,1200,1200
24.06.2024 00:35:23.519,97.74799999999999,97.738,1200,1200
24.06.2024 00:35:35.725,97.74799999999999,97.73700000000001,1200,1200
24.06.2024 00:35:36.379,97.74799999999999,97.73700000000001,1500,1200
24.06.2024 00:35:38.140,97.74799999999999,97.73700000000001,1200,1200
24.06.2024 00:35:38.594,97.75,97.738,1320.0001,1200
24.06.2024 00:35:38.697,97.74799999999999,97.736,1200,1200
24.06.2024 00:35:38.748,97.74600000000001,97.734,1200,1320.0001
24.06.2024 00:35:39.403,97.745,97.73299999999999,1200,1200
24.06.2024 00:35:39.505,97.743,97.73200000000001,1200,1200
24.06.2024 00:35:53.223,97.74700000000001,97.736,1200,1200
24.06.2024 00:35:56.742,97.745,97.735,1200,1200
24.06.2024 00:35:57.095,97.74600000000001,97.736,1200,1200
24.06.2024 00:35:58.506,97.74700000000001,97.735,1200,1200
24.06.2024 00:35:59.863,97.74799999999999,97.736,1200,1200
24.06.2024 00:36:02.176,97.74600000000001,97.734,1200,1200
24.06.2024 00:36:02.278,97.74700000000001,97.734,1200,1200
24.06.2024 00:36:02.380,97.75,97.73700000000001,1200,1200
24.06.2024 00:36:02.481,97.751,97.738,1200,1200
24.06.2024 00:36:02.582,97.753,97.74000000000001,1320.0001,1200
24.06.2024 00:36:03.086,97.753,97.742,1200,1200
24.06.2024 00:36:08.862,97.754,97.744,1200,1200
24.06.2024 00:36:20.067,97.754,97.745,1200,1200
24.06.2024 00:36:20.319,97.756,97.74600000000001,1200,1200
24.06.2024 00:36:20.471,97.758,97.74799999999999,1200,1200
24.06.2024 00:36:20.572,97.758,97.74600000000001,1200,1200
24.06.2024 00:36:23.090,97.758,97.74600000000001,1320.0001,1200
24.06.2024 00:36:27.260,97.758,97.74600000000001,1320.0001,1200
24.06.2024 00:36:28.090,97.758,97.74600000000001,1320.0001,1200
24.06.2024 00:36:28.694,97.758,97.74600000000001,1320.0001,1200
24.06.2024 00:36:29.899,97.758,97.74600000000001,1320.0001,1200
24.06.2024 00:36:30.402,97.758,97.74600000000001,1320.0001,1200
24.06.2024 00:36:31.158,97.757,97.74600000000001,1320.0001,1200
24.06.2024 00:36:31.911,97.757,97.74600000000001,1320.0001,1200
24.06.2024 00:36:31.962,97.754,97.745,1200,1120
24.06.2024 00:36:36.234,97.754,97.744,1320.0001,1120
24.06.2024 00:36:37.793,97.754,97.744,1200,1500
24.06.2024 00:36:40.109,97.754,97.744,1200,1120
24.06.2024 00:36:41.569,97.754,97.744,1320.0001,1120
24.06.2024 00:36:48.103,97.754,97.744,1200,1200
24.06.2024 00:36:53.126,97.754,97.744,1320.0001,1200
24.06.2024 00:36:54.785,97.754,97.744,1320.0001,1200
24.06.2024 00:36:58.202,97.754,97.744,1320.0001,1200
24.06.2024 00:37:00.165,97.754,97.744,1320.0001,1200
24.06.2024 00:37:03.132,97.755,97.744,1320.0001,1200
24.06.2024 00:37:04.942,97.758,97.74700000000001,1620,1200
24.06.2024 00:37:05.044,97.76,97.749,1320.0001,1200
24.06.2024 00:37:15.843,97.76200000000001,97.751,1320.0001,1200
24.06.2024 00:37:19.319,97.76200000000001,97.751,1320.0001,1200
24.06.2024 00:37:26.499,97.76200000000001,97.75200000000001,1320.0001,1200
24.06.2024 00:37:28.463,97.76,97.75,1320.0001,1200
24.06.2024 00:37:28.767,97.76,97.75,1200,1200
24.06.2024 00:37:29.372,97.759,97.74799999999999,1200,1200
24.06.2024 00:37:29.675,97.759,97.74799999999999,1320.0001,1200
24.06.2024 00:37:35.256,97.759,97.74799999999999,1320.0001,1200
24.06.2024 00:37:37.270,97.76100000000001,97.75,1620,1200
24.06.2024 00:37:37.376,97.76,97.74799999999999,1320.0001,1500
24.06.2024 00:37:38.182,97.76,97.75,1320.0001,1200
24.06.2024 00:37:38.283,97.76,97.74799999999999,1320.0001,1500
24.06.2024 00:37:38.535,97.76,97.751,1320.0001,1200
24.06.2024 00:37:38.636,97.76,97.749,1320.0001,1120
24.06.2024 00:38:06.099,97.76299999999999,97.753,1200,1200
24.06.2024 00:38:06.149,97.765,97.753,1320.0001,1200
24.06.2024 00:38:06.301,97.768,97.757,1320.0001,1200
24.06.2024 00:38:06.403,97.768,97.757,1320.0001,1200
24.06.2024 00:38:06.554,97.766,97.756,1200,1200
24.06.2024 00:38:36.701,97.766,97.756,1320.0001,1200
24.06.2024 00:38:36.752,97.764,97.753,1320.0001,1200
24.06.2024 00:38:37.054,97.764,97.753,1320.0001,1200
24.06.2024 00:38:45.589,97.76299999999999,97.75200000000001,1320.0001,1200
24.06.2024 00:38:47.449,97.76299999999999,97.75200000000001,1320.0001,1200
24.06.2024 00:38:49.958,97.76299999999999,97.75200000000001,1320.0001,1200
24.06.2024 00:38:54.431,97.76299999999999,97.75200000000001,1200,1200
24.06.2024 00:39:00.666,97.764,97.753,1120,1200
24.06.2024 00:39:04.886,97.76700000000001,97.755,1200,1200
24.06.2024 00:39:06.376,97.765,97.754,1200,1120
24.06.2024 00:39:06.479,97.766,97.755,1200,1200
24.06.2024 00:39:08.440,97.765,97.753,1320.0001,1200
24.06.2024 00:39:08.897,97.757,97.74600000000001,1200,1200
24.06.2024 00:39:13.218,97.758,97.74600000000001,1320.0001,1200
24.06.2024 00:39:14.175,97.76,97.749,1320.0001,1200
24.06.2024 00:39:14.226,97.76100000000001,97.749,1240,1200
24.06.2024 00:39:15.232,97.759,97.74700000000001,1200,1500
24.06.2024 00:39:16.139,97.759,97.74600000000001,1320.0001,1200
24.06.2024 00:39:16.291,97.757,97.74600000000001,1200,1200
24.06.2024 00:39:24.830,97.757,97.74600000000001,1320.0001,1200
24.06.2024 00:39:32.357,97.757,97.74600000000001,1320.0001,1200
24.06.2024 00:39:33.112,97.757,97.74600000000001,1920,1200
24.06.2024 00:39:39.890,97.754,97.743,1240,1200
24.06.2024 00:39:39.940,97.755,97.745,1620,1200
24.06.2024 00:39:40.445,97.755,97.745,1320.0001,1200
24.06.2024 00:39:40.798,97.755,97.744,1320.0001,1200
24.06.2024 00:39:41.502,97.755,97.744,1320.0001,1200
24.06.2024 00:39:50.246,97.757,97.74600000000001,1320.0001,1200
24.06.2024 00:39:50.348,97.759,97.74799999999999,1320.0001,1200
24.06.2024 00:39:50.449,97.757,97.74700000000001,1320.0001,1200
24.06.2024 00:39:58.034,97.757,97.745,1320.0001,1200
24.06.2024 00:40:17.190,97.749,97.73700000000001,1200,1120
24.06.2024 00:40:17.947,97.75,97.739,1320.0001,1200
24.06.2024 00:40:18.199,97.75,97.739,1200,1200
24.06.2024 00:40:21.465,97.753,97.742,1240,1200
24.06.2024 00:40:21.566,97.75200000000001,97.74000000000001,1240,1200
24.06.2024 00:40:21.617,97.75200000000001,97.742,1120,1200
24.06.2024 00:40:21.719,97.755,97.742,1320.0001,1200
24.06.2024 00:40:22.023,97.756,97.744,1320.0001,1200
24.06.2024 00:40:24.584,97.754,97.743,1320.0001,1200
24.06.2024 00:40:25.090,97.753,97.741,1200,1200
24.06.2024 00:40:25.342,97.755,97.743,1320.0001,1200
24.06.2024 00:40:25.544,97.755,97.743,1320.0001,1200
24.06.2024 00:40:25.746,97.754,97.741,1320.0001,1200
24.06.2024 00:40:26.501,97.755,97.743,1320.0001,1200
24.06.2024 00:40:28.712,97.753,97.741,1320.0001,1200
24.06.2024 00:40:29.065,97.755,97.743,1320.0001,1200
24.06.2024 00:40:29.367,97.75200000000001,97.741,1320.0001,1200
24.06.2024 00:40:29.671,97.75200000000001,97.741,2140.0001,1200
24.06.2024 00:40:30.527,97.75200000000001,97.74000000000001,1620,1200
24.06.2024 00:40:30.578,97.75,97.738,1240,1200
24.06.2024 00:40:30.779,97.75,97.739,1240,1200
24.06.2024 00:40:30.881,97.75,97.739,1240,1200
24.06.2024 00:40:31.334,97.75,97.739,1240,1200
24.06.2024 00:40:34.349,97.751,97.74000000000001,1240,1200
24.06.2024 00:40:34.652,97.751,97.74000000000001,1240,1200
24.06.2024 00:40:34.703,97.751,97.74000000000001,1320.0001,1200
24.06.2024 00:40:34.805,97.754,97.743,1620,1200
24.06.2024 00:40:34.856,97.755,97.745,1320.0001,1200
24.06.2024 00:40:37.069,97.755,97.745,1200,1200
24.06.2024 00:40:40.284,97.757,97.745,1200,1200
24.06.2024 00:40:40.386,97.757,97.745,1200,1500
24.06.2024 00:40:44.356,97.754,97.743,1200,1500
24.06.2024 00:40:44.407,97.754,97.743,1200,1120
24.06.2024 00:40:44.913,97.754,97.743,1200,2099.9999
24.06.2024 00:40:45.016,97.756,97.744,1320.0001,1120
24.06.2024 00:40:46.476,97.756,97.744,1200,1500
24.06.2024 00:40:47.886,97.756,97.744,1320.0001,1120
24.06.2024 00:40:47.987,97.755,97.744,1200,1120
24.06.2024 00:40:49.443,97.755,97.744,1320.0001,1120
24.06.2024 00:40:49.544,97.753,97.743,1200,1200
24.06.2024 00:40:51.005,97.753,97.742,1620,1200
24.06.2024 00:40:55.332,97.753,97.742,1120,1200
24.06.2024 00:40:56.643,97.75,97.739,1320.0001,1200
24.06.2024 00:40:56.746,97.74799999999999,97.738,1200,1200
24.06.2024 00:40:57.050,97.749,97.73700000000001,1320.0001,1200
24.06.2024 00:40:57.151,97.749,97.739,1320.0001,1200
24.06.2024 00:40:58.859,97.749,97.739,1200,1200
24.06.2024 00:40:59.613,97.749,97.73700000000001,1200,1200
24.06.2024 00:41:00.973,97.75200000000001,97.741,1620,1200
24.06.2024 00:41:01.679,97.751,97.74000000000001,1500,1200
24.06.2024 00:41:01.831,97.751,97.74000000000001,1500,1200
24.06.2024 00:41:01.932,97.749,97.738,1620,1200
24.06.2024 00:41:05.152,97.749,97.738,1200,1200
24.06.2024 00:41:08.470,97.749,97.738,1320.0001,1200
24.06.2024 00:41:09.325,97.749,97.738,1200,1200
24.06.2024 00:41:10.031,97.74700000000001,97.735,1200,2020
24.06.2024 00:41:10.886,97.75,97.739,1240,1200
24.06.2024 00:41:10.987,97.75,97.739,1120,1200
24.06.2024 00:41:11.139,97.751,97.74000000000001,1620,1200
24.06.2024 00:41:12.849,97.74700000000001,97.736,1200,1200
24.06.2024 00:41:13.051,97.74700000000001,97.734,1200,1120
24.06.2024 00:41:16.519,97.74700000000001,97.734,1320.0001,1200
24.06.2024 00:41:16.621,97.744,97.734,1200,1200
24.06.2024 00:41:23.155,97.744,97.735,1200,1200
24.06.2024 00:41:23.709,97.742,97.73200000000001,1200,1200
24.06.2024 00:41:24.915,97.744,97.73200000000001,1620,1200
24.06.2024 00:41:30.242,97.741,97.73100000000001,1200,1200
24.06.2024 00:41:32.740,97.741,97.729,1320.0001,1200
24.06.2024 00:41:32.842,97.74000000000001,97.729,1120,1200
24.06.2024 00:41:32.893,97.74000000000001,97.729,1500,1200
24.06.2024 00:41:32.994,97.73700000000001,97.727,1200,1200
24.06.2024 00:41:35.153,97.739,97.73,1200,1200
24.06.2024 00:41:44.955,97.74000000000001,97.73100000000001,1200,1200
24.06.2024 00:41:45.459,97.74000000000001,97.729,1120,1200
24.06.2024 00:41:48.023,97.741,97.73200000000001,1320.0001,1200
24.06.2024 00:41:48.627,97.744,97.735,1210,1200
24.06.2024 00:41:48.729,97.74700000000001,97.735,1320.0001,1200
24.06.2024 00:41:48.831,97.74600000000001,97.734,1200,1200
24.06.2024 00:41:53.748,97.744,97.73299999999999,1200,1200
24.06.2024 00:41:53.999,97.74600000000001,97.734,1120,1200
24.06.2024 00:41:54.251,97.74600000000001,97.734,1240,1200
24.06.2024 00:41:54.452,97.744,97.73299999999999,1200,1200
24.06.2024 00:41:55.607,97.742,97.73200000000001,1200,1200
24.06.2024 00:41:55.657,97.741,97.73,1200,1200
24.06.2024 00:41:55.708,97.738,97.728,1200,1200
24.06.2024 00:41:55.860,97.74000000000001,97.728,1200,1200
24.06.2024 00:41:55.911,97.738,97.728,1200,1200
24.06.2024 00:41:56.114,97.736,97.726,1200,1200
24.06.2024 00:41:58.226,97.738,97.728,1620,1200
24.06.2024 00:41:58.327,97.738,97.728,1210,1200
24.06.2024 00:41:58.629,97.74000000000001,97.73,1620,1200
24.06.2024 00:41:58.731,97.739,97.729,1120,1200
24.06.2024 00:41:59.740,97.739,97.73,1320.0001,1200
24.06.2024 00:42:00.246,97.741,97.73,1240,1200
24.06.2024 00:42:00.649,97.74000000000001,97.729,1320.0001,1200
24.06.2024 00:42:01.355,97.74000000000001,97.729,1620,1200
24.06.2024 00:42:02.913,97.738,97.729,1320.0001,1200
24.06.2024 00:42:04.472,97.739,97.728,1210,1200
24.06.2024 00:42:08.338,97.738,97.726,1320.0001,1200
24.06.2024 00:42:08.541,97.736,97.72500000000001,1200,1200
24.06.2024 00:42:10.404,97.736,97.72500000000001,1240,1200
24.06.2024 00:42:11.963,97.735,97.724,1320.0001,1200
24.06.2024 00:42:13.220,97.73700000000001,97.726,1620,1200
24.06.2024 00:42:14.727,97.73299999999999,97.72200000000001,1200,1200
24.06.2024 00:42:14.829,97.73200000000001,97.721,1500,1200
24.06.2024 00:42:15.182,97.73200000000001,97.721,1500,1200
24.06.2024 00:42:15.283,97.73200000000001,97.721,1500,1200
24.06.2024 00:42:17.244,97.73200000000001,97.721,1500,1200
24.06.2024 00:42:17.898,97.734,97.723,1620,1200
24.06.2024 00:42:17.999,97.73200000000001,97.721,1120,1200
24.06.2024 00:42:18.151,97.73200000000001,97.721,1620,1200
24.06.2024 00:42:18.440,97.73200000000001,97.721,1620,1200
24.06.2024 00:42:18.542,97.734,97.721,1210,1200
24.06.2024 00:42:21.361,97.73200000000001,97.721,1200,1200
24.06.2024 00:42:21.766,97.734,97.723,1200,1200
24.06.2024 00:42:24.178,97.735,97.724,1200,1200
24.06.2024 00:42:25.535,97.73299999999999,97.72200000000001,1200,1200
24.06.2024 00:42:27.897,97.73200000000001,97.72,1200,1120
24.06.2024 00:42:28.352,97.73100000000001,97.72,1200,1200
24.06.2024 00:42:33.781,97.734,97.723,1320.0001,1200
24.06.2024 00:42:33.983,97.73299999999999,97.72200000000001,1200,1200
24.06.2024 00:42:34.185,97.73200000000001,97.72,1200,1200
24.06.2024 00:42:40.113,97.73299999999999,97.72200000000001,1200,1200
24.06.2024 00:42:40.265,97.73200000000001,97.72,1200,1200
24.06.2024 00:42:42.577,97.735,97.721,1320.0001,1200
24.06.2024 00:42:42.930,97.735,97.721,1620,1200
24.06.2024 00:42:43.736,97.736,97.724,1120,1200
24.06.2024 00:42:44.341,97.73700000000001,97.72500000000001,1320.0001,1200
24.06.2024 00:42:46.405,97.734,97.72500000000001,1200,1200
24.06.2024 00:42:46.708,97.734,97.723,1200,1200
24.06.2024 00:42:46.910,97.736,97.724,1200,1200
24.06.2024 00:42:47.013,97.734,97.723,1200,1200
24.06.2024 00:42:47.165,97.735,97.72500000000001,1200,1200
24.06.2024 00:42:47.266,97.734,97.723,1200,1500
24.06.2024 00:42:48.071,97.73299999999999,97.721,1200,1500
24.06.2024 00:42:50.030,97.735,97.72,1200,1500
24.06.2024 00:42:50.081,97.73299999999999,97.72,1200,1500
24.06.2024 00:42:52.145,97.734,97.723,1200,1200
24.06.2024 00:42:54.057,97.73200000000001,97.72,1200,1120
24.06.2024 00:42:54.861,97.73299999999999,97.72200000000001,1200,1200
24.06.2024 00:42:55.165,97.73200000000001,97.72,1200,1120
24.06.2024 00:43:00.997,97.734,97.721,1240,1200
24.06.2024 00:43:01.099,97.734,97.721,1120,1200
24.06.2024 00:43:01.151,97.73200000000001,97.721,1200,1200
24.06.2024 00:43:13.602,97.734,97.723,1120,1200
24.06.2024 00:43:13.703,97.736,97.726,1200,1200
24.06.2024 00:43:19.482,97.738,97.728,1200,1200
24.06.2024 00:43:19.534,97.74000000000001,97.729,1200,1200
24.06.2024 00:43:19.937,97.738,97.728,1200,1200
24.06.2024 00:43:20.492,97.73700000000001,97.726,1200,1200
24.06.2024 00:43:20.997,97.736,97.72500000000001,1200,1200
24.06.2024 00:43:21.249,97.735,97.72500000000001,1200,1200
24.06.2024 00:43:23.511,97.73700000000001,97.726,1200,1200
24.06.2024 00:43:23.562,97.738,97.728,1200,1200
24.06.2024 00:43:23.714,97.73700000000001,97.726,1200,1200
24.06.2024 00:43:25.677,97.735,97.72500000000001,1200,1200
24.06.2024 00:43:25.930,97.73100000000001,97.721,1200,1200
24.06.2024 00:43:26.082,97.73299999999999,97.723,1210,1200
24.06.2024 00:43:27.946,97.735,97.72500000000001,1200,1200
24.06.2024 00:43:35.429,97.73200000000001,97.71700000000001,1320.0001,1500
24.06.2024 00:43:35.480,97.72500000000001,97.71100000000001,1200,1860
24.06.2024 00:43:35.531,97.72500000000001,97.714,1200,1120
24.06.2024 00:43:35.582,97.72200000000001,97.714,1200,1200
24.06.2024 00:43:35.633,97.72200000000001,97.709,1200,1500
24.06.2024 00:43:35.785,97.72500000000001,97.71100000000001,1320.0001,1120
24.06.2024 00:43:35.886,97.723,97.709,1200,1500
24.06.2024 00:43:36.441,97.724,97.71100000000001,1200,1120
24.06.2024 00:43:36.542,97.724,97.712,1200,1120
24.06.2024 00:43:37.247,97.72500000000001,97.712,1200,1500
24.06.2024 00:43:38.054,97.728,97.713,1320.0001,1120
24.06.2024 00:43:38.155,97.728,97.714,1320.0001,1200
24.06.2024 00:43:39.511,97.728,97.714,1200,1500
24.06.2024 00:43:40.516,97.728,97.714,1200,1120
24.06.2024 00:43:42.477,97.729,97.715,1200,1500
24.06.2024 00:43:42.528,97.73200000000001,97.715,1240,2099.9999
24.06.2024 00:43:42.680,97.73200000000001,97.71700000000001,1120,1200
24.06.2024 00:43:42.831,97.73200000000001,97.71700000000001,1200,1500
24.06.2024 00:43:45.096,97.73100000000001,97.71600000000001,1200,1500
24.06.2024 00:43:46.957,97.73100000000001,97.71600000000001,1200,1500
24.06.2024 00:43:49.317,97.729,97.71600000000001,1200,1500
24.06.2024 00:43:49.368,97.729,97.715,1200,1800
24.06.2024 00:43:49.419,97.727,97.715,1200,1200
24.06.2024 00:43:49.671,97.727,97.713,1200,1500
24.06.2024 00:43:50.179,97.727,97.71100000000001,1320.0001,1120
24.06.2024 00:43:52.292,97.727,97.71100000000001,1620,1200
24.06.2024 00:43:57.066,97.727,97.71100000000001,1320.0001,1500
24.06.2024 00:43:57.167,97.724,97.708,1320.0001,1500
24.06.2024 00:43:57.218,97.724,97.709,1210,1800
24.06.2024 00:43:57.420,97.724,97.71000000000001,1200,1200
24.06.2024 00:43:57.723,97.724,97.71000000000001,1200,1500
24.06.2024 00:43:57.875,97.724,97.709,1200,1500
24.06.2024 00:43:58.781,97.71799999999999,97.705,1200,1500
24.06.2024 00:43:58.832,97.71799999999999,97.70299999999999,1200,3000
24.06.2024 00:43:58.934,97.71700000000001,97.70299999999999,1200,2099.9999
24.06.2024 00:43:58.985,97.71700000000001,97.70299999999999,1200,1120
24.06.2024 00:44:02.255,97.71700000000001,97.70299999999999,1200,2099.9999
24.06.2024 00:44:04.867,97.71799999999999,97.704,1200,2020
24.06.2024 00:44:06.982,97.71799999999999,97.704,1200,1500
24.06.2024 00:44:11.351,97.72,97.705,1320.0001,1120
24.06.2024 00:44:11.603,97.721,97.705,1120,1120
24.06.2024 00:44:11.755,97.721,97.706,1120,1200
24.06.2024 00:44:14.316,97.721,97.705,1120,2020
24.06.2024 00:44:15.877,97.721,97.70700000000001,1120,1200
24.06.2024 00:44:16.481,97.721,97.70700000000001,1200,1500
24.06.2024 00:44:20.550,97.72,97.70700000000001,1200,1500
24.06.2024 00:44:20.952,97.72,97.70700000000001,1200,1500
24.06.2024 00:44:27.780,97.724,97.709,1200,1500
24.06.2024 00:44:27.831,97.727,97.712,1200,1500
24.06.2024 00:44:28.787,97.72500000000001,97.71100000000001,1200,2099.9999
24.06.2024 00:44:32.261,97.726,97.71600000000001,1200,1200
24.06.2024 00:44:32.312,97.73,97.71600000000001,1200,2099.9999
24.06.2024 00:44:32.464,97.73,97.71600000000001,1200,2099.9999
24.06.2024 00:44:32.566,97.728,97.714,1200,2099.9999
24.06.2024 00:44:32.617,97.728,97.714,1200,2099.9999
24.06.2024 00:44:33.271,97.73,97.715,1200,2099.9999
24.06.2024 00:44:33.322,97.73200000000001,97.71700000000001,1200,2099.9999
24.06.2024 00:44:34.783,97.735,97.721,1210,1200
24.06.2024 00:44:35.136,97.735,97.72,1120,1200
24.06.2024 00:44:35.741,97.73200000000001,97.719,1200,2020
24.06.2024 00:44:36.295,97.73100000000001,97.71700000000001,1200,2099.9999
24.06.2024 00:44:36.649,97.73100000000001,97.71700000000001,1200,1120
24.06.2024 00:44:37.252,97.73100000000001,97.71700000000001,1200,2099.9999
24.06.2024 00:44:38.106,97.73100000000001,97.71700000000001,1200,2099.9999
24.06.2024 00:44:38.208,97.73,97.71700000000001,1200,1500
24.06.2024 00:44:38.310,97.73,97.71600000000001,1200,2099.9999
24.06.2024 00:44:39.498,97.728,97.715,1200,2020
24.06.2024 00:44:40.758,97.727,97.714,1200,1500
24.06.2024 00:44:40.861,97.726,97.714,1200,1500
24.06.2024 00:44:41.112,97.726,97.713,1200,1500
24.06.2024 00:44:41.816,97.726,97.713,1200,1500
24.06.2024 00:44:50.162,97.728,97.715,1320.0001,1200
24.06.2024 00:44:54.740,97.729,97.71700000000001,1200,1200
24.06.2024 00:44:56.251,97.728,97.715,1200,1500
24.06.2024 00:44:56.705,97.728,97.715,1200,1120
24.06.2024 00:44:58.464,97.728,97.715,1200,2099.9999
24.06.2024 00:44:58.868,97.73,97.71700000000001,1200,1200
24.06.2024 00:45:01.132,97.73299999999999,97.719,1320.0001,1200
24.06.2024 00:45:01.937,97.73299999999999,97.719,1200,1200
24.06.2024 00:45:03.093,97.73100000000001,97.71700000000001,1200,1500
24.06.2024 00:45:03.949,97.73299999999999,97.719,1920,1120
24.06.2024 00:45:04.553,97.73100000000001,97.71799999999999,1200,1500
24.06.2024 00:45:06.516,97.73,97.71700000000001,1200,1500
24.06.2024 00:45:06.770,97.73,97.71700000000001,1200,1500
24.06.2024 00:45:06.874,97.728,97.715,1200,1500
24.06.2024 00:45:07.879,97.73,97.71700000000001,1200,1200
24.06.2024 00:45:13.610,97.728,97.714,1200,1500
24.06.2024 00:45:13.964,97.728,97.714,1200,1120
24.06.2024 00:45:14.065,97.726,97.713,1210,1200
24.06.2024 00:45:17.184,97.726,97.71100000000001,1210,1120
24.06.2024 00:45:17.887,97.726,97.71100000000001,1240,1120
24.06.2024 00:45:18.340,97.726,97.712,1240,1200
24.06.2024 00:45:18.442,97.724,97.71100000000001,1320.0001,1200
24.06.2024 00:45:23.068,97.724,97.712,1200,1500
24.06.2024 00:45:28.355,97.72500000000001,97.71100000000001,1200,1500
24.06.2024 00:45:28.457,97.72500000000001,97.71100000000001,1120,1200
24.06.2024 00:45:29.514,97.72500000000001,97.71100000000001,1320.0001,1200
24.06.2024 00:45:29.766,97.72500000000001,97.71100000000001,1320.0001,1200
24.06.2024 00:45:29.817,97.72500000000001,97.71000000000001,1320.0001,1200
24.06.2024 00:45:32.631,97.72500000000001,97.71000000000001,1210,1200
24.06.2024 00:45:34.040,97.723,97.709,1200,1200
24.06.2024 00:45:38.117,97.721,97.70700000000001,1200,1120
24.06.2024 00:45:41.286,97.721,97.70700000000001,1200,1500
24.06.2024 00:45:44.605,97.721,97.70700000000001,1120,1200
24.06.2024 00:45:48.975,97.721,97.70700000000001,1500,1200
24.06.2024 00:45:52.189,97.719,97.706,1200,1200
24.06.2024 00:45:52.291,97.721,97.708,1200,1200
24.06.2024 00:45:52.392,97.721,97.70700000000001,1200,1120
24.06.2024 00:45:54.403,97.719,97.706,1200,2099.9999
24.06.2024 00:45:57.718,97.71799999999999,97.706,1200,1120
24.06.2024 00:46:00.129,97.71700000000001,97.704,1200,1500
24.06.2024 00:46:00.232,97.71799999999999,97.704,1320.0001,1500
24.06.2024 00:46:00.686,97.71600000000001,97.704,1200,1200
24.06.2024 00:46:04.157,97.715,97.70100000000001,1320.0001,1500
24.06.2024 00:46:06.167,97.715,97.70100000000001,1320.0001,1120
24.06.2024 00:46:08.531,97.715,97.70100000000001,1320.0001,1120
24.06.2024 00:46:08.633,97.715,97.70200000000001,1320.0001,1200
24.06.2024 00:46:09.038,97.71700000000001,97.70200000000001,1120,1200
24.06.2024 00:46:14.648,97.71700000000001,97.70200000000001,1240,1120
24.06.2024 00:46:16.305,97.71700000000001,97.70200000000001,1240,1120
24.06.2024 00:46:20.780,97.715,97.70200000000001,1320.0001,1120
24.06.2024 00:46:21.133,97.713,97.7,1200,1500
