Gmt time,Ask,Bid,AskVolume,BidVolume
24.06.2024 00:00:00.277,23.343700000000002,23.3221,900,450
24.06.2024 00:00:00.378,23.343700000000002,23.3218,900,900
24.06.2024 00:00:00.480,23.343700000000002,23.3215,900,450
24.06.2024 00:00:00.580,23.3424,23.321099999999998,450,1200
24.06.2024 00:00:00.782,23.3424,23.321900000000003,450,450
24.06.2024 00:00:01.083,23.3427,23.321900000000003,450,450
24.06.2024 00:00:01.384,23.342200000000002,23.320700000000002,450,1200
24.06.2024 00:00:02.287,23.3429,23.320700000000002,450,1350
24.06.2024 00:00:02.689,23.342200000000002,23.320700000000002,450,1200
24.06.2024 00:00:02.790,23.342200000000002,23.3217,450,900
24.06.2024 00:00:02.891,23.342200000000002,23.320700000000002,450,1200
24.06.2024 00:00:03.894,23.3429,23.320700000000002,450,1350
24.06.2024 00:00:04.095,23.3435,23.320700000000002,450,1350
24.06.2024 00:00:04.196,23.3421,23.320700000000002,450,1200
24.06.2024 00:00:04.797,23.3428,23.322,450,900
24.06.2024 00:00:04.898,23.3432,23.322,450,900
24.06.2024 00:00:05.952,23.3436,23.322,450,900
24.06.2024 00:00:07.255,23.3436,23.323400000000003,450,900
24.06.2024 00:00:07.457,23.3432,23.323400000000003,450,900
24.06.2024 00:00:07.858,23.3436,23.323400000000003,450,900
24.06.2024 00:00:07.959,23.3443,23.323400000000003,450,900
24.06.2024 00:00:08.061,23.3443,23.3235,450,900
24.06.2024 00:00:09.013,23.3446,23.3235,450,900
24.06.2024 00:00:09.816,23.3446,23.323400000000003,450,900
24.06.2024 00:00:10.017,23.3443,23.323400000000003,450,900
24.06.2024 00:00:12.930,23.3446,23.323400000000003,450,1200
24.06.2024 00:00:13.083,23.344900000000003,23.323400000000003,450,1200
24.06.2024 00:00:21.154,23.344900000000003,23.3251,900,900
24.06.2024 00:00:21.356,23.346,23.3245,900,900
24.06.2024 00:00:21.456,23.3458,23.324099999999998,450,900
24.06.2024 00:00:21.557,23.345299999999998,23.324099999999998,450,900
24.06.2024 00:00:21.859,23.3448,23.324099999999998,450,900
24.06.2024 00:00:22.160,23.3445,23.324099999999998,450,900
24.06.2024 00:00:22.261,23.3445,23.323400000000003,450,1200
24.06.2024 00:00:25.218,23.3445,23.3227,450,1200
24.06.2024 00:00:26.070,23.3444,23.3227,900,1200
24.06.2024 00:00:26.121,23.3448,23.3227,450,1200
24.06.2024 00:00:26.433,23.3444,23.3227,450,1200
24.06.2024 00:00:26.634,23.344900000000003,23.3227,450,1200
24.06.2024 00:00:26.936,23.3446,23.3227,450,1200
24.06.2024 00:00:27.138,23.344900000000003,23.3227,450,1200
24.06.2024 00:00:27.239,23.345,23.3243,900,900
24.06.2024 00:00:27.540,23.345599999999997,23.3243,900,900
24.06.2024 00:00:27.941,23.3457,23.3243,450,900
24.06.2024 00:00:30.801,23.345599999999997,23.3243,900,1200
24.06.2024 00:00:30.902,23.345599999999997,23.3248,900,900
24.06.2024 00:00:31.103,23.345599999999997,23.3243,900,1200
24.06.2024 00:00:32.056,23.345599999999997,23.3247,900,900
24.06.2024 00:00:32.257,23.3459,23.3247,450,900
24.06.2024 00:00:33.161,23.345599999999997,23.3247,450,900
24.06.2024 00:00:33.562,23.345599999999997,23.3246,450,900
24.06.2024 00:00:34.866,23.3459,23.3246,450,900
24.06.2024 00:00:35.067,23.345599999999997,23.3246,450,900
24.06.2024 00:00:37.125,23.3462,23.3246,450,900
24.06.2024 00:00:37.225,23.346,23.3246,450,900
24.06.2024 00:00:37.326,23.3455,23.3246,450,900
24.06.2024 00:00:43.495,23.3455,23.3247,450,900
24.06.2024 00:00:47.707,23.3461,23.3247,900,900
24.06.2024 00:00:47.808,23.3461,23.3246,900,900
24.06.2024 00:00:47.909,23.3455,23.3246,450,900
24.06.2024 00:00:48.110,23.3461,23.3246,900,900
24.06.2024 00:00:48.210,23.3448,23.3246,900,900
24.06.2024 00:00:50.317,23.3446,23.323900000000002,450,1200
24.06.2024 00:00:50.719,23.3442,23.323900000000002,450,900
24.06.2024 00:00:50.820,23.3436,23.323900000000002,450,900
24.06.2024 00:00:50.921,23.3436,23.323,450,1200
24.06.2024 00:00:51.122,23.3445,23.323,900,1200
24.06.2024 00:00:51.223,23.3431,23.323,900,1200
24.06.2024 00:00:51.324,23.342299999999998,23.323,450,1200
24.06.2024 00:00:51.525,23.342299999999998,23.322400000000002,450,900
24.06.2024 00:00:51.928,23.342299999999998,23.3218,450,900
24.06.2024 00:00:52.430,23.342200000000002,23.3218,450,900
24.06.2024 00:00:53.385,23.3418,23.3218,450,900
24.06.2024 00:00:53.587,23.3421,23.3218,450,900
24.06.2024 00:00:53.688,23.3427,23.3232,450,900
24.06.2024 00:00:53.789,23.3431,23.3232,450,900
24.06.2024 00:00:53.890,23.3425,23.3232,450,900
24.06.2024 00:00:54.091,23.3442,23.3232,1200,900
24.06.2024 00:00:54.493,23.3432,23.3232,450,900
24.06.2024 00:00:55.698,23.3435,23.3232,450,900
24.06.2024 00:00:56.101,23.3431,23.3232,450,900
24.06.2024 00:00:59.862,23.3431,23.3225,450,900
24.06.2024 00:01:00.767,23.343700000000002,23.3225,900,900
24.06.2024 00:01:01.219,23.343700000000002,23.321900000000003,900,900
24.06.2024 00:01:01.621,23.342200000000002,23.321900000000003,900,900
24.06.2024 00:01:02.510,23.3429,23.321900000000003,900,900
24.06.2024 00:01:02.814,23.3435,23.321900000000003,900,900
24.06.2024 00:01:04.221,23.3425,23.321900000000003,900,900
24.06.2024 00:01:04.522,23.3415,23.321,900,1200
24.06.2024 00:01:04.773,23.342299999999998,23.321,900,1200
24.06.2024 00:01:07.686,23.3429,23.3225,900,900
24.06.2024 00:01:09.293,23.343,23.3225,900,900
24.06.2024 00:01:11.049,23.3435,23.3225,900,900
24.06.2024 00:01:53.307,23.3435,23.322400000000002,900,900
24.06.2024 00:01:56.769,23.3391,23.320400000000003,900,1200
24.06.2024 00:01:56.870,23.342599999999997,23.320400000000003,900,1200
24.06.2024 00:01:56.971,23.342599999999997,23.3221,900,900
24.06.2024 00:01:58.226,23.3433,23.3221,900,900
24.06.2024 00:02:25.634,23.3396,23.320400000000003,900,1200
24.06.2024 00:02:25.735,23.3445,23.320400000000003,900,1200
24.06.2024 00:02:25.836,23.3429,23.322400000000002,900,900
24.06.2024 00:02:38.720,23.343700000000002,23.322400000000002,900,900
24.06.2024 00:02:39.022,23.344900000000003,23.3244,900,900
24.06.2024 00:02:41.730,23.344900000000003,23.323700000000002,900,900
24.06.2024 00:02:41.831,23.3445,23.323700000000002,900,900
24.06.2024 00:02:42.033,23.3432,23.3227,900,1200
24.06.2024 00:02:42.385,23.3432,23.3216,900,900
24.06.2024 00:02:42.586,23.3418,23.3216,900,900
24.06.2024 00:02:42.888,23.341400000000004,23.3205,900,1200
24.06.2024 00:02:43.089,23.3418,23.3205,900,1200
24.06.2024 00:02:44.505,23.3418,23.3208,900,900
24.06.2024 00:02:44.606,23.3418,23.321099999999998,900,900
24.06.2024 00:02:44.807,23.3424,23.322,900,900
24.06.2024 00:02:45.511,23.3424,23.3227,900,900
24.06.2024 00:02:45.662,23.3433,23.3227,900,900
24.06.2024 00:02:45.762,23.3433,23.322400000000002,900,900
24.06.2024 00:02:45.863,23.3439,23.323400000000003,900,900
24.06.2024 00:02:46.366,23.3445,23.323400000000003,900,900
24.06.2024 00:02:46.467,23.3445,23.3236,900,900
24.06.2024 00:02:46.568,23.3445,23.323900000000002,900,900
24.06.2024 00:02:46.970,23.3445,23.324,900,900
24.06.2024 00:02:47.272,23.345299999999998,23.3248,900,900
24.06.2024 00:02:55.997,23.346,23.3248,900,900
24.06.2024 00:03:13.699,23.343400000000003,23.3247,900,900
24.06.2024 00:03:13.800,23.3458,23.325400000000002,900,900
24.06.2024 00:03:14.804,23.3458,23.3247,900,900
24.06.2024 00:03:15.809,23.3443,23.324099999999998,900,900
24.06.2024 00:03:15.910,23.344,23.324099999999998,900,900
24.06.2024 00:03:19.053,23.3443,23.324099999999998,900,900
24.06.2024 00:03:19.355,23.3443,23.3238,900,900
24.06.2024 00:03:21.262,23.3443,23.3233,900,900
24.06.2024 00:03:31.547,23.343,23.322599999999998,900,900
24.06.2024 00:03:31.798,23.342599999999997,23.322599999999998,900,900
24.06.2024 00:03:31.899,23.3425,23.322599999999998,900,900
24.06.2024 00:03:31.949,23.3413,23.3208,900,1200
24.06.2024 00:03:32.050,23.341,23.3208,900,1200
24.06.2024 00:03:32.602,23.341,23.3201,900,900
24.06.2024 00:03:32.804,23.3409,23.3201,900,900
24.06.2024 00:03:32.905,23.3397,23.3193,900,1200
24.06.2024 00:03:33.106,23.338900000000002,23.3185,900,1200
24.06.2024 00:03:34.109,23.3379,23.317400000000003,900,1200
24.06.2024 00:03:35.314,23.337400000000002,23.317400000000003,900,900
24.06.2024 00:03:36.366,23.337400000000002,23.3168,900,900
24.06.2024 00:03:38.372,23.3379,23.3168,900,900
24.06.2024 00:03:38.673,23.3379,23.3175,900,900
24.06.2024 00:03:38.874,23.338900000000002,23.3185,900,900
24.06.2024 00:03:41.735,23.3395,23.3185,900,900
24.06.2024 00:03:44.093,23.3395,23.3195,900,900
24.06.2024 00:03:44.395,23.3395,23.3188,900,900
24.06.2024 00:03:44.496,23.3395,23.3191,900,900
24.06.2024 00:03:45.198,23.3395,23.3185,900,900
24.06.2024 00:03:49.360,23.3395,23.3178,900,900
24.06.2024 00:03:59.245,23.3393,23.3178,450,900
24.06.2024 00:03:59.546,23.3395,23.3178,900,900
24.06.2024 00:04:01.604,23.339000000000002,23.3178,450,900
24.06.2024 00:04:01.705,23.3385,23.3178,900,900
24.06.2024 00:04:01.806,23.3378,23.3178,900,900
24.06.2024 00:04:02.007,23.3378,23.3172,900,1200
24.06.2024 00:04:02.609,23.338400000000004,23.3172,900,1200
24.06.2024 00:04:05.765,23.3362,23.3115,900,710
24.06.2024 00:04:05.866,23.3386,23.3182,900,900
24.06.2024 00:04:06.267,23.3366,23.317700000000002,900,900
24.06.2024 00:04:06.368,23.3381,23.317700000000002,900,900
24.06.2024 00:04:08.974,23.3385,23.3157,900,1200
24.06.2024 00:04:09.075,23.338400000000004,23.318,900,900
24.06.2024 00:04:09.527,23.3379,23.3175,900,900
24.06.2024 00:04:10.430,23.3385,23.317700000000002,900,900
24.06.2024 00:04:14.793,23.3381,23.317,900,900
24.06.2024 00:04:17.149,23.3379,23.317,450,900
24.06.2024 00:04:25.119,23.3381,23.317,900,900
24.06.2024 00:04:27.026,23.3376,23.317,450,900
24.06.2024 00:04:27.327,23.3381,23.317,900,900
24.06.2024 00:04:28.732,23.3379,23.317,450,900
24.06.2024 00:04:29.634,23.3381,23.317,900,900
24.06.2024 00:04:30.637,23.3381,23.3168,900,1800
24.06.2024 00:04:30.738,23.3381,23.3175,900,900
24.06.2024 00:04:31.090,23.3381,23.3186,900,900
24.06.2024 00:04:31.191,23.3381,23.318,900,900
24.06.2024 00:04:31.292,23.338700000000003,23.318,900,900
24.06.2024 00:04:31.393,23.3394,23.319,900,900
24.06.2024 00:04:31.895,23.3394,23.3194,900,900
24.06.2024 00:04:32.297,23.34,23.3194,900,900
24.06.2024 00:04:33.301,23.34,23.3203,900,900
24.06.2024 00:04:33.502,23.3413,23.3209,900,900
24.06.2024 00:04:53.779,23.3373,23.3209,1800,900
24.06.2024 00:04:53.880,23.3398,23.320700000000002,900,900
24.06.2024 00:04:53.982,23.340200000000003,23.320700000000002,900,900
24.06.2024 00:04:54.283,23.340200000000003,23.3203,900,1200
24.06.2024 00:04:54.385,23.3378,23.3193,900,1200
24.06.2024 00:04:54.486,23.340400000000002,23.3198,900,1200
24.06.2024 00:04:54.587,23.340799999999998,23.3198,900,1200
24.06.2024 00:05:00.757,23.340799999999998,23.3191,900,900
24.06.2024 00:05:01.259,23.3394,23.3191,900,900
24.06.2024 00:05:01.710,23.3394,23.3193,900,450
24.06.2024 00:05:01.811,23.34,23.3193,900,450
24.06.2024 00:05:01.912,23.34,23.3191,900,1800
24.06.2024 00:05:02.515,23.34,23.319599999999998,900,900
24.06.2024 00:05:03.218,23.340799999999998,23.319599999999998,900,900
24.06.2024 00:05:03.619,23.340799999999998,23.3191,900,1800
24.06.2024 00:05:14.396,23.340799999999998,23.319599999999998,900,450
24.06.2024 00:05:14.949,23.340799999999998,23.3191,900,900
24.06.2024 00:05:25.064,23.3396,23.3187,900,900
24.06.2024 00:05:25.165,23.3395,23.3191,900,900
24.06.2024 00:05:25.818,23.3365,23.3194,900,900
24.06.2024 00:05:25.919,23.338900000000002,23.3194,900,900
24.06.2024 00:05:27.625,23.338900000000002,23.3184,900,900
24.06.2024 00:05:28.279,23.338400000000004,23.3184,900,900
24.06.2024 00:05:28.581,23.338400000000004,23.317700000000002,900,900
24.06.2024 00:05:42.818,23.3381,23.317700000000002,900,900
24.06.2024 00:05:42.922,23.3367,23.3163,900,1200
24.06.2024 00:05:43.129,23.337400000000002,23.3163,900,900
24.06.2024 00:05:44.333,23.338,23.317700000000002,900,900
24.06.2024 00:05:53.905,23.335900000000002,23.3165,900,900
24.06.2024 00:05:54.006,23.3378,23.3175,900,900
24.06.2024 00:05:54.407,23.3378,23.3167,900,900
24.06.2024 00:05:54.608,23.3376,23.3167,450,900
24.06.2024 00:05:54.709,23.3378,23.3167,900,900
24.06.2024 00:05:55.110,23.3373,23.3167,900,900
24.06.2024 00:05:55.211,23.3361,23.3165,900,900
24.06.2024 00:05:55.312,23.3361,23.3161,900,900
24.06.2024 00:05:55.714,23.3361,23.3158,900,900
24.06.2024 00:05:56.166,23.3371,23.3158,900,900
24.06.2024 00:05:56.568,23.3371,23.3167,900,900
24.06.2024 00:05:56.669,23.3371,23.3179,900,450
24.06.2024 00:05:56.770,23.3371,23.3167,900,900
24.06.2024 00:05:56.971,23.3371,23.3172,900,900
24.06.2024 00:05:57.373,23.3377,23.3172,900,900
24.06.2024 00:05:58.076,23.3383,23.3172,900,900
24.06.2024 00:06:17.928,23.3352,23.3167,900,900
24.06.2024 00:06:18.029,23.3382,23.3167,900,900
24.06.2024 00:06:18.130,23.3377,23.317400000000003,900,900
24.06.2024 00:06:30.209,23.3383,23.317400000000003,900,900
24.06.2024 00:06:40.780,23.337,23.3167,900,900
24.06.2024 00:06:40.883,23.338900000000002,23.318900000000003,900,900
24.06.2024 00:06:41.286,23.338900000000002,23.317700000000002,900,900
24.06.2024 00:07:01.953,23.3351,23.3167,900,900
24.06.2024 00:07:02.054,23.3381,23.3167,900,900
24.06.2024 00:07:02.154,23.3382,23.3178,900,900
24.06.2024 00:07:02.556,23.3382,23.3171,900,900
24.06.2024 00:07:11.927,23.3382,23.3175,900,900
24.06.2024 00:07:12.530,23.3382,23.3171,900,900
24.06.2024 00:07:16.389,23.338900000000002,23.3185,900,900
24.06.2024 00:07:28.071,23.337200000000003,23.3169,900,900
24.06.2024 00:07:28.172,23.3388,23.3185,900,900
24.06.2024 00:07:48.519,23.337,23.3175,900,900
24.06.2024 00:07:48.570,23.338900000000002,23.3186,900,900
24.06.2024 00:07:48.971,23.3378,23.317700000000002,450,900
24.06.2024 00:07:49.122,23.338900000000002,23.317700000000002,900,900
24.06.2024 00:07:51.328,23.3385,23.317700000000002,900,900
24.06.2024 00:07:55.637,23.3373,23.317,900,900
24.06.2024 00:07:58.195,23.3379,23.317,900,900
24.06.2024 00:07:58.697,23.3379,23.3175,900,900
24.06.2024 00:07:58.898,23.3394,23.3191,900,900
24.06.2024 00:07:59.801,23.34,23.3191,900,1800
24.06.2024 00:08:00.956,23.340200000000003,23.320700000000002,450,900
24.06.2024 00:08:01.057,23.3406,23.3206,900,900
24.06.2024 00:08:01.158,23.3412,23.3206,900,900
24.06.2024 00:08:01.359,23.3412,23.320400000000003,900,900
24.06.2024 00:08:01.760,23.341900000000003,23.320400000000003,900,900
24.06.2024 00:08:01.961,23.341900000000003,23.3206,900,900
24.06.2024 00:08:02.563,23.341900000000003,23.321900000000003,900,900
24.06.2024 00:08:02.664,23.342299999999998,23.322200000000002,450,900
24.06.2024 00:08:03.266,23.342299999999998,23.323400000000003,450,900
24.06.2024 00:08:03.668,23.342299999999998,23.3253,450,900
24.06.2024 00:08:03.970,23.3454,23.3253,900,900
24.06.2024 00:08:04.071,23.345599999999997,23.3253,900,900
24.06.2024 00:08:04.172,23.345599999999997,23.325200000000002,900,900
24.06.2024 00:08:04.273,23.346400000000003,23.325200000000002,900,900
24.06.2024 00:08:04.374,23.346400000000003,23.3253,900,900
24.06.2024 00:08:05.026,23.346400000000003,23.3258,900,900
24.06.2024 00:08:05.228,23.346400000000003,23.326,900,900
24.06.2024 00:08:05.329,23.3469,23.3268,900,900
24.06.2024 00:08:05.430,23.3469,23.3265,900,900
24.06.2024 00:08:05.732,23.3469,23.3268,900,900
24.06.2024 00:08:06.335,23.347,23.3268,450,900
24.06.2024 00:08:06.637,23.346400000000003,23.3261,900,900
24.06.2024 00:08:06.939,23.346400000000003,23.3255,900,900
24.06.2024 00:08:07.542,23.346400000000003,23.324900000000003,900,1200
24.06.2024 00:08:08.145,23.3448,23.324900000000003,900,900
24.06.2024 00:08:08.647,23.3448,23.3242,900,1200
24.06.2024 00:08:10.101,23.3448,23.3244,900,900
24.06.2024 00:08:10.202,23.3451,23.3258,450,900
24.06.2024 00:08:10.705,23.3461,23.3258,1200,900
24.06.2024 00:08:10.806,23.347099999999998,23.3268,900,900
24.06.2024 00:08:11.007,23.3477,23.3274,900,900
24.06.2024 00:08:12.412,23.348599999999998,23.3278,900,900
24.06.2024 00:08:12.814,23.348599999999998,23.3288,900,900
24.06.2024 00:08:13.216,23.348599999999998,23.328200000000002,900,900
24.06.2024 00:08:13.518,23.347099999999998,23.326900000000002,900,1200
24.06.2024 00:08:13.620,23.347099999999998,23.3268,900,1200
24.06.2024 00:08:14.128,23.347099999999998,23.3261,900,900
24.06.2024 00:08:15.485,23.3457,23.325400000000002,900,1200
24.06.2024 00:08:16.490,23.344,23.3242,900,900
24.06.2024 00:08:16.591,23.343799999999998,23.323700000000002,900,900
24.06.2024 00:08:16.792,23.343799999999998,23.3228,900,1200
24.06.2024 00:08:16.993,23.3424,23.3221,900,1200
24.06.2024 00:08:23.505,23.3424,23.322200000000002,900,1200
24.06.2024 00:08:23.807,23.343,23.322200000000002,900,1200
24.06.2024 00:08:24.309,23.343,23.3221,900,1800
24.06.2024 00:08:30.023,23.342599999999997,23.3221,450,900
24.06.2024 00:08:30.124,23.3424,23.3221,450,900
24.06.2024 00:08:32.079,23.343,23.3221,900,900
24.06.2024 00:08:32.280,23.343,23.3215,900,900
24.06.2024 00:08:32.782,23.3415,23.3215,900,900
24.06.2024 00:08:34.339,23.3429,23.3218,900,900
24.06.2024 00:08:34.440,23.3429,23.322,900,900
24.06.2024 00:08:34.641,23.3429,23.3229,900,900
24.06.2024 00:08:35.445,23.3433,23.3229,450,900
24.06.2024 00:08:35.647,23.3433,23.323,450,900
24.06.2024 00:08:35.948,23.3433,23.323400000000003,450,900
24.06.2024 00:08:36.150,23.3433,23.3243,450,900
24.06.2024 00:08:36.452,23.344099999999997,23.3243,900,900
24.06.2024 00:08:36.754,23.3448,23.3243,900,900
24.06.2024 00:08:37.757,23.3454,23.3245,900,900
24.06.2024 00:08:37.858,23.3454,23.3251,900,900
24.06.2024 00:08:37.959,23.346,23.3257,900,900
24.06.2024 00:08:58.566,23.3459,23.323700000000002,900,900
24.06.2024 00:08:58.667,23.3418,23.323700000000002,900,900
24.06.2024 00:08:59.570,23.3418,23.3227,900,1800
24.06.2024 00:08:59.671,23.3451,23.3248,900,900
24.06.2024 00:09:07.392,23.3435,23.3233,900,1200
24.06.2024 00:09:08.101,23.3435,23.3227,900,1200
24.06.2024 00:09:22.590,23.3435,23.3221,900,900
24.06.2024 00:09:51.714,23.3435,23.3223,900,1350
24.06.2024 00:09:51.915,23.342599999999997,23.322400000000002,900,900
24.06.2024 00:09:53.570,23.342599999999997,23.3218,900,900
24.06.2024 00:10:32.651,23.339900000000004,23.3203,900,1200
24.06.2024 00:10:32.752,23.3413,23.321099999999998,900,900
24.06.2024 00:10:33.054,23.3409,23.3202,900,1200
24.06.2024 00:10:33.255,23.3398,23.3195,900,1200
24.06.2024 00:10:33.356,23.3398,23.318900000000003,900,1200
24.06.2024 00:10:33.457,23.3397,23.318900000000003,900,900
24.06.2024 00:10:33.657,23.3398,23.318900000000003,900,900
24.06.2024 00:10:33.758,23.3397,23.318900000000003,900,900
24.06.2024 00:10:33.959,23.3383,23.3188,900,450
24.06.2024 00:10:34.662,23.3383,23.318099999999998,900,900
24.06.2024 00:10:34.963,23.3383,23.3173,900,900
24.06.2024 00:10:36.418,23.3381,23.3173,900,900
24.06.2024 00:10:37.824,23.336900000000004,23.3167,900,900
24.06.2024 00:10:40.684,23.336900000000004,23.3169,900,450
24.06.2024 00:10:40.784,23.336900000000004,23.3167,900,900
24.06.2024 00:10:46.494,23.336900000000004,23.316,900,900
24.06.2024 00:10:47.296,23.3364,23.316,900,900
24.06.2024 00:10:47.397,23.335400000000003,23.3152,900,900
24.06.2024 00:10:53.418,23.3362,23.3152,900,900
24.06.2024 00:10:54.321,23.3368,23.3154,900,1200
24.06.2024 00:10:54.421,23.3368,23.3167,900,900
24.06.2024 00:10:55.927,23.3377,23.3167,900,900
24.06.2024 00:10:56.028,23.3377,23.317,900,450
24.06.2024 00:10:56.129,23.3377,23.3167,900,900
24.06.2024 00:10:56.330,23.3377,23.3172,900,450
24.06.2024 00:10:56.883,23.3377,23.3167,900,900
24.06.2024 00:11:01.147,23.3378,23.318099999999998,900,900
24.06.2024 00:11:01.348,23.3378,23.3175,900,900
24.06.2024 00:11:02.150,23.3383,23.3178,900,900
24.06.2024 00:11:02.251,23.3383,23.3175,900,900
24.06.2024 00:11:06.114,23.3383,23.317400000000003,900,450
24.06.2024 00:11:06.315,23.3383,23.3175,900,900
24.06.2024 00:11:07.219,23.3371,23.3169,900,900
24.06.2024 00:11:07.370,23.3367,23.3169,900,900
24.06.2024 00:11:10.078,23.3367,23.317,900,450
24.06.2024 00:11:10.781,23.3367,23.3169,900,900
24.06.2024 00:11:10.882,23.3371,23.3169,900,900
24.06.2024 00:11:11.183,23.3371,23.317,900,450
24.06.2024 00:11:11.985,23.3371,23.3169,900,900
24.06.2024 00:11:23.466,23.3373,23.3169,900,900
24.06.2024 00:11:23.567,23.3378,23.3169,900,900
24.06.2024 00:11:27.130,23.337400000000002,23.315900000000003,900,900
24.06.2024 00:11:27.231,23.337400000000002,23.3172,900,900
24.06.2024 00:11:28.846,23.337400000000002,23.3163,900,900
24.06.2024 00:11:29.098,23.335700000000003,23.3155,900,900
24.06.2024 00:11:30.604,23.335700000000003,23.314799999999998,900,900
24.06.2024 00:11:36.325,23.3363,23.314799999999998,900,900
24.06.2024 00:11:36.827,23.3363,23.316200000000002,900,900
24.06.2024 00:11:37.429,23.3371,23.316200000000002,900,900
24.06.2024 00:12:14.634,23.3371,23.3172,900,450
24.06.2024 00:12:14.735,23.3371,23.316200000000002,900,900
24.06.2024 00:12:15.954,23.335,23.3155,900,900
24.06.2024 00:12:16.105,23.3364,23.316200000000002,900,900
24.06.2024 00:12:18.612,23.3364,23.3152,900,1200
24.06.2024 00:12:28.735,23.3363,23.3152,450,900
24.06.2024 00:12:28.837,23.3364,23.3152,900,900
24.06.2024 00:12:29.138,23.336000000000002,23.3152,450,900
24.06.2024 00:12:29.942,23.3364,23.3152,900,900
24.06.2024 00:12:30.344,23.336000000000002,23.3152,450,900
24.06.2024 00:12:30.445,23.3364,23.3152,900,900
24.06.2024 00:12:31.599,23.3364,23.3156,900,900
24.06.2024 00:12:33.404,23.3364,23.3152,900,1200
24.06.2024 00:12:36.463,23.3348,23.3152,900,1200
24.06.2024 00:12:36.664,23.3348,23.3146,900,1200
24.06.2024 00:12:37.667,23.3348,23.314400000000003,900,900
24.06.2024 00:12:37.768,23.3348,23.314,900,450
24.06.2024 00:12:38.722,23.3348,23.3145,900,900
24.06.2024 00:12:38.823,23.3348,23.3149,900,900
24.06.2024 00:12:38.924,23.3355,23.3155,900,900
24.06.2024 00:12:39.126,23.3363,23.3155,900,900
24.06.2024 00:12:39.728,23.337,23.3169,900,900
24.06.2024 00:12:40.833,23.337,23.3161,900,900
24.06.2024 00:13:01.191,23.336900000000004,23.3155,900,900
24.06.2024 00:13:01.292,23.337,23.3169,900,900
24.06.2024 00:13:01.693,23.337,23.3163,900,900
24.06.2024 00:13:02.195,23.3376,23.3163,900,900
24.06.2024 00:13:02.798,23.3373,23.3163,900,900
24.06.2024 00:13:11.870,23.3376,23.3163,900,900
24.06.2024 00:13:12.924,23.3376,23.3164,900,1200
24.06.2024 00:13:15.680,23.3376,23.3163,900,1200
24.06.2024 00:13:21.993,23.3358,23.3156,900,1200
24.06.2024 00:13:22.094,23.3376,23.3175,900,900
24.06.2024 00:13:22.696,23.3376,23.3165,900,900
24.06.2024 00:13:23.198,23.335400000000003,23.316200000000002,900,900
24.06.2024 00:13:23.299,23.3363,23.316200000000002,900,900
24.06.2024 00:13:24.152,23.3373,23.3155,900,1800
24.06.2024 00:13:24.253,23.3373,23.316599999999998,900,900
24.06.2024 00:13:25.256,23.336900000000004,23.3163,900,900
24.06.2024 00:13:25.357,23.337,23.3163,900,900
24.06.2024 00:13:27.415,23.3373,23.3163,900,900
24.06.2024 00:13:30.674,23.3382,23.318,900,900
24.06.2024 00:13:32.881,23.3382,23.3172,900,900
24.06.2024 00:13:52.845,23.3337,23.315900000000003,900,1200
24.06.2024 00:13:52.945,23.3367,23.3169,900,900
24.06.2024 00:13:53.046,23.337,23.3169,900,900
24.06.2024 00:13:56.520,23.3376,23.3169,900,900
24.06.2024 00:13:57.023,23.3382,23.3169,900,900
24.06.2024 00:13:57.324,23.3382,23.3175,900,900
24.06.2024 00:13:57.526,23.3382,23.3185,900,900
24.06.2024 00:14:04.047,23.3382,23.3179,900,900
24.06.2024 00:14:11.824,23.3382,23.3183,900,900
24.06.2024 00:14:11.875,23.3391,23.3183,900,900
24.06.2024 00:14:11.976,23.3391,23.3194,900,900
24.06.2024 00:14:12.177,23.3394,23.3194,450,900
24.06.2024 00:14:12.478,23.3394,23.319599999999998,450,450
24.06.2024 00:14:12.680,23.3394,23.3194,450,900
24.06.2024 00:14:13.832,23.339900000000004,23.3194,900,900
24.06.2024 00:14:17.892,23.339900000000004,23.3193,900,450
24.06.2024 00:14:18.495,23.3379,23.3187,900,900
24.06.2024 00:14:18.596,23.340500000000002,23.3187,900,900
24.06.2024 00:14:18.696,23.3393,23.319200000000002,900,900
24.06.2024 00:14:19.148,23.340500000000002,23.3187,900,900
24.06.2024 00:14:19.349,23.3394,23.3193,900,900
24.06.2024 00:14:19.751,23.3388,23.3187,900,900
24.06.2024 00:14:20.454,23.3388,23.319,900,450
24.06.2024 00:14:20.554,23.3388,23.3187,900,900
24.06.2024 00:14:40.457,23.335400000000003,23.3183,900,900
24.06.2024 00:14:40.558,23.338,23.3193,900,900
24.06.2024 00:14:40.659,23.3394,23.3193,900,900
24.06.2024 00:14:41.010,23.3394,23.3183,900,900
24.06.2024 00:14:41.612,23.3386,23.3183,900,900
24.06.2024 00:14:41.813,23.3385,23.3184,900,900
24.06.2024 00:14:43.017,23.3385,23.3183,900,1800
24.06.2024 00:14:43.871,23.3385,23.318900000000003,900,900
24.06.2024 00:14:44.273,23.3386,23.3185,900,900
24.06.2024 00:14:45.075,23.3382,23.3183,900,900
24.06.2024 00:14:45.779,23.3382,23.3187,900,900
24.06.2024 00:14:46.080,23.3382,23.3183,900,1800
24.06.2024 00:14:46.934,23.338900000000002,23.3183,900,900
24.06.2024 00:14:47.035,23.338900000000002,23.3188,900,900
24.06.2024 00:14:51.698,23.3398,23.3191,900,900
24.06.2024 00:14:53.655,23.340700000000002,23.3206,1200,900
24.06.2024 00:15:14.563,23.338400000000004,23.3191,900,1800
24.06.2024 00:15:14.664,23.3418,23.3191,1200,1800
24.06.2024 00:15:14.765,23.3406,23.3205,900,900
24.06.2024 00:15:15.267,23.3406,23.3197,900,900
24.06.2024 00:15:20.430,23.3406,23.3198,900,450
24.06.2024 00:15:20.531,23.3406,23.3197,900,900
24.06.2024 00:15:20.882,23.340500000000002,23.3197,900,900
24.06.2024 00:15:22.185,23.3406,23.3197,900,900
24.06.2024 00:15:25.445,23.3397,23.3197,900,900
24.06.2024 00:15:25.551,23.338900000000002,23.319,900,900
24.06.2024 00:15:25.654,23.338900000000002,23.3178,900,1200
24.06.2024 00:15:26.457,23.3376,23.3178,900,900
24.06.2024 00:15:27.760,23.3376,23.3172,900,900
24.06.2024 00:15:30.318,23.3376,23.316200000000002,900,900
24.06.2024 00:15:40.437,23.3365,23.316200000000002,900,900
24.06.2024 00:15:40.538,23.3362,23.316200000000002,900,900
24.06.2024 00:15:42.946,23.3362,23.3156,900,900
24.06.2024 00:15:48.207,23.3349,23.3143,900,1200
24.06.2024 00:15:48.308,23.335700000000003,23.3156,900,900
24.06.2024 00:15:48.760,23.335700000000003,23.314799999999998,900,900
24.06.2024 00:15:49.663,23.335,23.3143,900,1200
24.06.2024 00:15:49.764,23.335,23.3154,900,900
24.06.2024 00:15:51.068,23.3356,23.3156,900,900
24.06.2024 00:15:51.722,23.3361,23.3143,900,1200
24.06.2024 00:15:51.822,23.3367,23.3143,900,1200
24.06.2024 00:15:51.923,23.335900000000002,23.3158,900,900
24.06.2024 00:15:55.984,23.3366,23.3158,900,900
24.06.2024 00:15:59.561,23.3352,23.315099999999997,900,900
24.06.2024 00:16:00.968,23.3352,23.314400000000003,900,900
24.06.2024 00:16:04.028,23.3349,23.314400000000003,900,900
24.06.2024 00:16:04.179,23.3334,23.313299999999998,900,1200
24.06.2024 00:16:15.965,23.3334,23.3126,900,900
24.06.2024 00:16:18.621,23.3298,23.3119,900,900
24.06.2024 00:16:18.722,23.3328,23.3119,900,900
24.06.2024 00:16:18.823,23.334400000000002,23.3119,900,900
24.06.2024 00:16:18.923,23.333099999999998,23.313,900,900
24.06.2024 00:16:32.052,23.3337,23.313,900,900
24.06.2024 00:16:39.831,23.330000000000002,23.3119,900,900
24.06.2024 00:16:39.931,23.333000000000002,23.3131,900,900
24.06.2024 00:16:40.033,23.3332,23.3131,900,900
24.06.2024 00:16:40.534,23.3332,23.3124,900,900
24.06.2024 00:16:41.136,23.334400000000002,23.3119,900,900
24.06.2024 00:16:41.237,23.3334,23.313299999999998,900,900
24.06.2024 00:16:41.338,23.332700000000003,23.3126,900,900
24.06.2024 00:16:42.091,23.3332,23.314,900,900
24.06.2024 00:16:42.193,23.334,23.314,900,900
24.06.2024 00:16:58.032,23.3347,23.314,900,900
24.06.2024 00:17:00.690,23.334400000000002,23.314,450,900
24.06.2024 00:17:00.991,23.334400000000002,23.313299999999998,450,900
24.06.2024 00:17:02.698,23.3347,23.313299999999998,900,900
24.06.2024 00:17:06.408,23.3333,23.313299999999998,900,900
24.06.2024 00:17:21.920,23.330099999999998,23.3119,900,1200
24.06.2024 00:17:22.021,23.3337,23.313599999999997,900,900
24.06.2024 00:17:22.528,23.3337,23.3128,900,900
24.06.2024 00:17:23.131,23.3326,23.3119,900,1200
24.06.2024 00:17:23.332,23.3334,23.3134,900,900
24.06.2024 00:17:24.536,23.3334,23.3119,900,1200
24.06.2024 00:17:24.738,23.3334,23.313599999999997,900,900
24.06.2024 00:17:26.791,23.3326,23.312099999999997,900,1200
24.06.2024 00:17:27.092,23.3332,23.312099999999997,900,1200
24.06.2024 00:17:27.294,23.3332,23.3128,900,900
24.06.2024 00:17:27.897,23.3332,23.3126,900,900
24.06.2024 00:17:36.370,23.3334,23.3126,900,900
24.06.2024 00:17:48.354,23.3303,23.3119,900,900
24.06.2024 00:17:48.455,23.3337,23.3119,900,900
24.06.2024 00:17:48.556,23.3328,23.3128,900,900
24.06.2024 00:17:52.216,23.3334,23.3128,900,900
24.06.2024 00:17:56.079,23.3319,23.3119,900,900
24.06.2024 00:17:56.481,23.3326,23.3119,900,900
24.06.2024 00:18:06.561,23.3333,23.313299999999998,900,900
24.06.2024 00:18:08.770,23.331400000000002,23.3119,900,900
24.06.2024 00:18:08.870,23.333099999999998,23.3131,900,900
24.06.2024 00:18:10.038,23.3338,23.3119,900,900
24.06.2024 00:18:10.139,23.3326,23.3125,900,900
24.06.2024 00:18:10.942,23.3333,23.3125,900,900
24.06.2024 00:18:30.798,23.3349,23.315099999999997,1800,900
24.06.2024 00:18:30.899,23.333099999999998,23.3131,900,900
24.06.2024 00:18:31.400,23.333099999999998,23.3125,900,900
24.06.2024 00:18:51.694,23.333099999999998,23.3119,900,900
24.06.2024 00:18:56.806,23.326700000000002,23.3119,900,900
24.06.2024 00:18:56.907,23.3335,23.3107,900,900
24.06.2024 00:18:57.008,23.3319,23.3119,900,900
24.06.2024 00:19:01.570,23.3326,23.3119,900,900
24.06.2024 00:19:17.210,23.330900000000003,23.3111,900,900
24.06.2024 00:19:17.310,23.3337,23.3111,1200,900
24.06.2024 00:19:17.411,23.333000000000002,23.313,900,900
24.06.2024 00:19:17.713,23.333000000000002,23.311700000000002,900,900
24.06.2024 00:19:17.813,23.3317,23.311700000000002,900,900
24.06.2024 00:19:19.167,23.3323,23.311700000000002,900,900
24.06.2024 00:19:19.970,23.331200000000003,23.3116,900,900
24.06.2024 00:19:20.071,23.3337,23.3111,1200,900
24.06.2024 00:19:20.171,23.3325,23.3125,900,900
24.06.2024 00:19:40.530,23.3333,23.3111,900,900
24.06.2024 00:19:40.631,23.3337,23.3111,1200,900
24.06.2024 00:19:40.732,23.332,23.312,900,900
24.06.2024 00:19:47.451,23.332700000000003,23.312,900,900
24.06.2024 00:20:02.142,23.3326,23.3111,900,900
24.06.2024 00:20:02.242,23.3322,23.3122,900,900
24.06.2024 00:20:03.346,23.3337,23.3111,1200,900
24.06.2024 00:20:03.547,23.332,23.312099999999997,900,900
24.06.2024 00:20:04.749,23.331200000000003,23.3119,900,900
24.06.2024 00:20:04.850,23.3337,23.3111,1200,900
24.06.2024 00:20:04.951,23.3322,23.3123,900,900
24.06.2024 00:20:05.702,23.3335,23.3111,900,900
24.06.2024 00:20:05.805,23.3337,23.3111,1200,900
24.06.2024 00:20:05.906,23.3334,23.3123,900,900
24.06.2024 00:20:06.708,23.3321,23.312099999999997,900,900
24.06.2024 00:20:06.910,23.3321,23.3112,900,900
24.06.2024 00:20:19.339,23.3321,23.3115,900,900
24.06.2024 00:20:19.440,23.332700000000003,23.3127,900,900
24.06.2024 00:20:21.899,23.332700000000003,23.312099999999997,900,900
24.06.2024 00:20:27.363,23.331200000000003,23.3111,900,900
24.06.2024 00:20:27.464,23.332,23.312099999999997,900,900
24.06.2024 00:20:43.432,23.3326,23.312099999999997,900,900
24.06.2024 00:21:08.245,23.3307,23.3115,900,900
24.06.2024 00:21:08.346,23.3323,23.3124,900,900
24.06.2024 00:21:08.747,23.3323,23.3116,900,900
24.06.2024 00:21:09.051,23.332900000000002,23.3119,900,900
24.06.2024 00:21:09.154,23.3334,23.3125,900,900
24.06.2024 00:21:09.255,23.3325,23.3125,900,900
24.06.2024 00:21:09.456,23.3319,23.3125,900,900
24.06.2024 00:21:09.657,23.3319,23.3119,900,900
24.06.2024 00:21:10.459,23.332700000000003,23.3119,900,900
24.06.2024 00:21:30.611,23.332400000000003,23.3111,900,900
24.06.2024 00:21:30.813,23.3323,23.3123,900,900
24.06.2024 00:21:53.410,23.3293,23.3107,900,900
24.06.2024 00:21:53.510,23.3323,23.3107,900,900
24.06.2024 00:21:53.611,23.3322,23.3123,900,900
24.06.2024 00:21:55.064,23.3322,23.3111,900,1800
24.06.2024 00:21:56.168,23.3337,23.3111,1200,900
24.06.2024 00:21:56.369,23.3318,23.3111,900,900
24.06.2024 00:21:56.771,23.3318,23.3115,900,900
24.06.2024 00:21:56.872,23.3337,23.3115,1200,900
24.06.2024 00:21:56.973,23.3319,23.312,900,900
24.06.2024 00:21:57.575,23.3319,23.3115,900,900
24.06.2024 00:21:57.677,23.3319,23.311400000000003,900,900
24.06.2024 00:21:57.777,23.3319,23.312099999999997,900,900
24.06.2024 00:22:02.992,23.3325,23.312099999999997,900,900
24.06.2024 00:22:04.496,23.3332,23.312099999999997,900,900
24.06.2024 00:22:05.650,23.3332,23.3134,900,900
24.06.2024 00:22:09.511,23.3341,23.3134,900,900
24.06.2024 00:22:18.281,23.335700000000003,23.3127,1800,900
24.06.2024 00:22:18.382,23.3337,23.3138,900,900
24.06.2024 00:22:19.085,23.3337,23.313,900,900
24.06.2024 00:22:20.808,23.333099999999998,23.3124,900,1200
24.06.2024 00:22:21.110,23.333099999999998,23.3131,900,900
24.06.2024 00:22:21.763,23.333099999999998,23.3124,900,1200
24.06.2024 00:22:21.864,23.333099999999998,23.313599999999997,900,900
24.06.2024 00:22:22.566,23.3337,23.313599999999997,900,900
24.06.2024 00:22:30.185,23.334400000000002,23.313599999999997,900,900
24.06.2024 00:22:41.509,23.334400000000002,23.315,900,900
24.06.2024 00:22:41.911,23.3353,23.315,900,900
24.06.2024 00:22:42.313,23.335700000000003,23.3178,900,900
24.06.2024 00:22:42.414,23.334400000000002,23.3152,900,900
24.06.2024 00:22:42.514,23.334400000000002,23.3145,900,900
24.06.2024 00:22:43.116,23.334400000000002,23.3134,900,1200
24.06.2024 00:22:43.919,23.334200000000003,23.313299999999998,900,1200
24.06.2024 00:22:44.020,23.334400000000002,23.314799999999998,900,900
24.06.2024 00:22:44.973,23.335,23.314799999999998,900,900
24.06.2024 00:23:08.298,23.3319,23.3127,900,900
24.06.2024 00:23:08.399,23.3349,23.3127,900,900
24.06.2024 00:23:08.500,23.3348,23.3149,900,900
24.06.2024 00:23:09.002,23.3348,23.314,900,900
24.06.2024 00:23:09.304,23.3338,23.3139,900,900
24.06.2024 00:23:10.457,23.3349,23.3139,900,900
24.06.2024 00:23:10.960,23.334500000000002,23.3139,900,900
24.06.2024 00:23:16.119,23.3336,23.3139,900,900
24.06.2024 00:23:43.230,23.334500000000002,23.311700000000002,900,900
24.06.2024 00:23:43.331,23.333000000000002,23.313200000000002,900,900
24.06.2024 00:24:17.601,23.3291,23.311700000000002,900,900
24.06.2024 00:24:17.702,23.333099999999998,23.311700000000002,900,900
24.06.2024 00:24:17.802,23.332700000000003,23.3128,900,900
24.06.2024 00:24:18.805,23.3326,23.311700000000002,900,900
24.06.2024 00:24:18.906,23.3326,23.3131,900,900
24.06.2024 00:24:20.311,23.3326,23.3119,900,900
24.06.2024 00:24:20.614,23.3334,23.313599999999997,900,900
24.06.2024 00:24:20.916,23.334500000000002,23.3119,900,900
24.06.2024 00:24:21.016,23.3336,23.3138,900,900
24.06.2024 00:24:42.068,23.334500000000002,23.3119,900,900
24.06.2024 00:24:42.169,23.3338,23.314,900,900
24.06.2024 00:24:42.771,23.3338,23.313200000000002,900,900
24.06.2024 00:25:03.306,23.3325,23.3119,900,900
24.06.2024 00:25:03.407,23.3332,23.313299999999998,900,900
24.06.2024 00:25:04.359,23.3335,23.3119,900,900
24.06.2024 00:25:04.460,23.334500000000002,23.3119,900,900
24.06.2024 00:25:04.660,23.3332,23.313299999999998,900,900
24.06.2024 00:25:05.062,23.332900000000002,23.3131,900,900
24.06.2024 00:25:05.664,23.3334,23.3119,900,900
24.06.2024 00:25:05.764,23.3325,23.3119,900,900
24.06.2024 00:25:06.466,23.3325,23.3128,900,900
24.06.2024 00:25:07.018,23.333099999999998,23.3128,900,900
24.06.2024 00:25:31.638,23.3277,23.3128,900,900
24.06.2024 00:25:31.789,23.333000000000002,23.3119,900,900
24.06.2024 00:25:31.890,23.3328,23.313,900,900
24.06.2024 00:25:32.492,23.3338,23.3119,900,900
24.06.2024 00:25:32.593,23.334500000000002,23.3119,900,900
24.06.2024 00:25:32.693,23.333099999999998,23.313299999999998,900,900
24.06.2024 00:25:32.994,23.3337,23.3126,900,900
24.06.2024 00:25:33.597,23.334500000000002,23.3119,900,900
24.06.2024 00:25:33.697,23.333099999999998,23.313299999999998,900,900
24.06.2024 00:25:34.099,23.332900000000002,23.3131,900,900
24.06.2024 00:25:34.701,23.334500000000002,23.3119,900,900
24.06.2024 00:25:34.852,23.333099999999998,23.313299999999998,900,900
24.06.2024 00:25:35.053,23.3325,23.3119,900,900
24.06.2024 00:25:35.554,23.3325,23.313200000000002,900,900
24.06.2024 00:25:36.256,23.333099999999998,23.313200000000002,900,900
24.06.2024 00:25:46.648,23.333099999999998,23.3126,900,900
24.06.2024 00:25:55.721,23.329900000000002,23.3119,900,900
24.06.2024 00:25:55.822,23.334500000000002,23.3119,900,900
24.06.2024 00:25:55.923,23.3333,23.3135,900,900
24.06.2024 00:26:08.706,23.3333,23.3127,900,900
24.06.2024 00:26:08.807,23.3332,23.3127,450,900
24.06.2024 00:26:10.160,23.3333,23.3127,450,900
24.06.2024 00:26:12.565,23.3332,23.3127,450,900
24.06.2024 00:26:12.766,23.3333,23.3127,900,900
24.06.2024 00:26:13.918,23.3332,23.3127,450,900
24.06.2024 00:26:15.121,23.3333,23.3127,900,900
24.06.2024 00:26:16.173,23.329900000000002,23.3111,900,1200
24.06.2024 00:26:16.274,23.332400000000003,23.3126,900,900
24.06.2024 00:26:17.677,23.331400000000002,23.3126,2700,900
24.06.2024 00:26:17.778,23.3318,23.3111,900,1200
24.06.2024 00:26:17.879,23.3318,23.3124,900,900
24.06.2024 00:26:18.681,23.332400000000003,23.3111,900,1200
24.06.2024 00:26:18.883,23.332400000000003,23.3127,900,900
24.06.2024 00:26:19.234,23.332400000000003,23.3125,900,900
24.06.2024 00:26:19.736,23.332400000000003,23.312099999999997,900,900
24.06.2024 00:26:40.573,23.3322,23.3111,900,1200
24.06.2024 00:26:40.674,23.3322,23.3124,900,900
24.06.2024 00:26:41.730,23.334500000000002,23.3111,900,1200
24.06.2024 00:26:41.830,23.3325,23.3127,900,900
24.06.2024 00:26:54.362,23.333000000000002,23.3127,900,900
24.06.2024 00:26:54.563,23.333099999999998,23.3127,900,900
24.06.2024 00:27:02.183,23.3295,23.3115,900,900
24.06.2024 00:27:02.283,23.3323,23.3115,900,900
24.06.2024 00:27:02.384,23.334500000000002,23.3115,900,900
24.06.2024 00:27:02.485,23.3333,23.313599999999997,900,900
24.06.2024 00:27:08.301,23.3333,23.313,900,900
24.06.2024 00:27:15.248,23.3332,23.313,450,900
24.06.2024 00:27:15.649,23.3333,23.313,900,900
24.06.2024 00:27:16.651,23.3332,23.313,450,900
24.06.2024 00:27:16.752,23.3333,23.313,900,900
24.06.2024 00:27:17.761,23.3332,23.313,450,900
24.06.2024 00:27:20.115,23.3333,23.313,900,900
24.06.2024 00:27:20.817,23.3332,23.313,450,900
24.06.2024 00:27:21.118,23.3333,23.313,900,900
24.06.2024 00:27:23.273,23.3332,23.313,450,900
24.06.2024 00:27:23.876,23.3306,23.3107,900,900
24.06.2024 00:27:23.977,23.3336,23.3107,1200,900
24.06.2024 00:27:24.078,23.3337,23.3107,1200,900
24.06.2024 00:27:24.179,23.332400000000003,23.3126,900,900
24.06.2024 00:27:45.880,23.332400000000003,23.3107,900,900
24.06.2024 00:27:45.981,23.332,23.3122,900,900
24.06.2024 00:27:46.382,23.332,23.3112,900,900
24.06.2024 00:27:49.140,23.332,23.3125,900,900
24.06.2024 00:27:55.859,23.3326,23.3125,900,900
24.06.2024 00:28:11.948,23.3333,23.3115,900,900
24.06.2024 00:28:12.049,23.332,23.3123,900,900
24.06.2024 00:28:12.652,23.3325,23.3115,900,900
24.06.2024 00:28:12.953,23.3323,23.3126,900,900
24.06.2024 00:28:13.155,23.3317,23.3115,900,900
24.06.2024 00:28:13.355,23.3317,23.3123,900,900
24.06.2024 00:28:13.757,23.331,23.3116,900,900
24.06.2024 00:28:13.858,23.3313,23.3116,900,900
24.06.2024 00:28:15.112,23.3319,23.3116,900,900
24.06.2024 00:28:16.616,23.3326,23.3116,900,900
24.06.2024 00:28:16.818,23.3326,23.313299999999998,900,900
24.06.2024 00:28:18.321,23.3326,23.3127,900,900
24.06.2024 00:28:35.510,23.330099999999998,23.310299999999998,900,1800
24.06.2024 00:28:35.610,23.3335,23.310299999999998,900,1800
24.06.2024 00:28:35.711,23.3337,23.310299999999998,1200,1800
24.06.2024 00:28:35.812,23.3322,23.3124,900,900
24.06.2024 00:28:36.013,23.3322,23.3116,900,900
24.06.2024 00:28:36.765,23.3337,23.3111,1200,900
24.06.2024 00:28:36.866,23.3323,23.3126,900,900
24.06.2024 00:28:37.167,23.3317,23.312,900,900
24.06.2024 00:28:37.769,23.3317,23.311700000000002,900,900
24.06.2024 00:28:39.774,23.3317,23.310299999999998,900,1800
24.06.2024 00:28:40.076,23.3317,23.3122,900,900
24.06.2024 00:28:40.478,23.3326,23.3122,900,900
24.06.2024 00:29:17.608,23.329900000000002,23.3107,900,900
24.06.2024 00:29:17.716,23.3323,23.3126,900,900
24.06.2024 00:29:18.222,23.3323,23.3116,900,900
24.06.2024 00:29:40.813,23.3307,23.3107,900,900
24.06.2024 00:29:40.964,23.3319,23.3122,900,900
24.06.2024 00:29:41.316,23.3319,23.3113,900,900
24.06.2024 00:29:49.598,23.3306,23.3113,900,900
24.06.2024 00:30:00.481,23.331200000000003,23.3113,900,900
24.06.2024 00:30:04.440,23.3305,23.3095,900,900
24.06.2024 00:30:04.541,23.3307,23.3111,900,900
24.06.2024 00:30:04.942,23.329700000000003,23.31,900,900
24.06.2024 00:30:05.043,23.3306,23.31,900,900
24.06.2024 00:30:05.144,23.3305,23.3108,900,900
24.06.2024 00:30:05.545,23.3321,23.3095,900,900
24.06.2024 00:30:05.646,23.3325,23.309099999999997,900,1200
24.06.2024 00:30:05.747,23.3308,23.3111,900,900
24.06.2024 00:30:06.048,23.3305,23.3109,900,900
24.06.2024 00:30:06.651,23.3305,23.3095,900,900
24.06.2024 00:30:06.752,23.3305,23.3111,900,900
24.06.2024 00:30:06.953,23.3305,23.3095,900,900
24.06.2024 00:30:08.708,23.3305,23.3107,900,900
24.06.2024 00:30:09.210,23.3306,23.3107,900,900
24.06.2024 00:30:18.683,23.331500000000002,23.3107,900,900
24.06.2024 00:30:30.931,23.3292,23.309099999999997,900,1200
24.06.2024 00:30:31.032,23.3306,23.3109,900,900
24.06.2024 00:30:31.836,23.3306,23.309400000000004,900,1200
24.06.2024 00:30:32.138,23.3306,23.3112,900,900
24.06.2024 00:30:32.439,23.331,23.3109,900,900
24.06.2024 00:30:33.042,23.3306,23.309099999999997,900,1200
24.06.2024 00:30:33.243,23.3306,23.3095,900,900
24.06.2024 00:30:34.247,23.3306,23.3111,900,900
24.06.2024 00:30:54.498,23.327900000000003,23.309099999999997,900,1200
24.06.2024 00:30:54.598,23.3302,23.310599999999997,900,900
24.06.2024 00:30:56.352,23.3317,23.309099999999997,900,1200
24.06.2024 00:30:56.453,23.3298,23.310200000000002,900,900
24.06.2024 00:30:57.155,23.3298,23.309099999999997,900,1200
24.06.2024 00:30:57.456,23.3298,23.310599999999997,900,900
24.06.2024 00:30:59.060,23.3298,23.309099999999997,900,1200
24.06.2024 00:30:59.211,23.3303,23.309099999999997,900,1200
24.06.2024 00:30:59.412,23.3302,23.3105,900,900
24.06.2024 00:30:59.714,23.331400000000002,23.309099999999997,900,1200
24.06.2024 00:30:59.815,23.3325,23.309099999999997,900,1200
24.06.2024 00:31:00.016,23.3305,23.3108,900,900
24.06.2024 00:31:00.318,23.3302,23.3105,900,900
24.06.2024 00:31:04.578,23.331200000000003,23.3105,900,900
24.06.2024 00:31:17.336,23.331200000000003,23.311799999999998,900,900
24.06.2024 00:31:27.625,23.3313,23.311799999999998,450,900
24.06.2024 00:31:28.280,23.331200000000003,23.311799999999998,900,900
24.06.2024 00:31:28.381,23.3311,23.311,450,900
24.06.2024 00:31:32.041,23.331200000000003,23.311,900,900
24.06.2024 00:31:32.142,23.331200000000003,23.3104,900,900
24.06.2024 00:31:32.543,23.329700000000003,23.3104,900,900
24.06.2024 00:31:47.933,23.3303,23.3104,900,900
24.06.2024 00:31:50.441,23.330900000000003,23.3104,900,900
24.06.2024 00:32:09.018,23.329,23.3095,900,900
24.06.2024 00:32:09.118,23.3293,23.309700000000003,900,900
24.06.2024 00:32:09.420,23.3293,23.3095,900,900
24.06.2024 00:32:10.728,23.3293,23.309099999999997,900,1800
24.06.2024 00:32:10.830,23.3293,23.310299999999998,900,900
24.06.2024 00:32:10.932,23.3293,23.309700000000003,900,900
24.06.2024 00:32:11.986,23.329900000000002,23.309700000000003,900,900
24.06.2024 00:32:32.235,23.328400000000002,23.3087,900,900
24.06.2024 00:32:32.336,23.3305,23.3087,900,900
24.06.2024 00:32:32.437,23.3295,23.309900000000003,900,900
24.06.2024 00:32:33.691,23.3287,23.309,900,900
24.06.2024 00:32:33.992,23.3293,23.309,900,900
24.06.2024 00:32:34.294,23.3305,23.3087,1800,900
24.06.2024 00:32:34.465,23.329700000000003,23.3101,900,900
24.06.2024 00:32:35.368,23.329400000000003,23.3098,900,900
24.06.2024 00:32:35.569,23.329400000000003,23.3088,900,900
24.06.2024 00:32:36.321,23.3291,23.3087,900,900
24.06.2024 00:32:36.422,23.3305,23.3087,900,900
24.06.2024 00:32:36.523,23.3292,23.3095,900,900
24.06.2024 00:32:38.027,23.3288,23.3092,900,900
24.06.2024 00:32:38.330,23.329400000000003,23.3092,900,900
24.06.2024 00:32:38.631,23.329,23.3087,900,900
24.06.2024 00:32:38.732,23.3305,23.3087,900,900
24.06.2024 00:32:38.833,23.3298,23.310200000000002,900,900
24.06.2024 00:33:25.875,23.3305,23.3092,900,900
24.06.2024 00:33:25.976,23.3305,23.3087,900,900
24.06.2024 00:33:26.079,23.329900000000002,23.3104,900,900
24.06.2024 00:33:33.297,23.329,23.3104,450,900
24.06.2024 00:33:33.398,23.329900000000002,23.3104,900,900
24.06.2024 00:33:46.327,23.327,23.3087,900,900
24.06.2024 00:33:46.429,23.3296,23.310299999999998,900,900
24.06.2024 00:33:46.530,23.3298,23.310299999999998,900,900
24.06.2024 00:34:06.776,23.328599999999998,23.3087,900,900
24.06.2024 00:34:06.877,23.329700000000003,23.3101,900,900
24.06.2024 00:34:16.849,23.3303,23.3101,900,900
24.06.2024 00:34:24.123,23.330099999999998,23.3101,900,900
24.06.2024 00:34:24.225,23.3293,23.3101,900,900
24.06.2024 00:34:24.927,23.3281,23.3101,900,900
24.06.2024 00:34:25.028,23.3281,23.3096,900,900
24.06.2024 00:34:25.129,23.3281,23.308200000000003,900,900
24.06.2024 00:34:25.631,23.3277,23.308200000000003,900,900
24.06.2024 00:34:26.033,23.328599999999998,23.308200000000003,900,900
24.06.2024 00:34:26.134,23.3281,23.308200000000003,900,900
24.06.2024 00:34:26.435,23.328500000000002,23.308200000000003,900,900
24.06.2024 00:34:39.718,23.3295,23.308200000000003,900,900
24.06.2024 00:34:39.819,23.3289,23.308200000000003,900,900
24.06.2024 00:34:42.178,23.329700000000003,23.308200000000003,900,900
24.06.2024 00:34:42.279,23.3305,23.308200000000003,900,900
24.06.2024 00:34:42.481,23.3305,23.309099999999997,900,900
24.06.2024 00:34:42.682,23.3295,23.31,900,900
24.06.2024 00:34:42.984,23.3305,23.31,900,900
24.06.2024 00:34:44.790,23.3305,23.310299999999998,900,900
24.06.2024 00:34:45.293,23.3313,23.311799999999998,900,900
24.06.2024 00:34:46.348,23.3313,23.3111,900,900
24.06.2024 00:35:19.845,23.3295,23.309900000000003,900,1200
24.06.2024 00:35:20.046,23.3295,23.3092,900,1200
24.06.2024 00:35:20.247,23.328,23.308400000000002,900,1200
24.06.2024 00:35:20.648,23.327900000000003,23.308400000000002,900,900
24.06.2024 00:35:22.754,23.327900000000003,23.307900000000004,900,1800
24.06.2024 00:35:22.955,23.327900000000003,23.3095,900,900
24.06.2024 00:35:23.458,23.328,23.3095,900,900
24.06.2024 00:35:23.759,23.329400000000003,23.3098,900,900
24.06.2024 00:35:23.960,23.330000000000002,23.3107,900,900
24.06.2024 00:35:24.311,23.330000000000002,23.3098,900,900
24.06.2024 00:35:24.412,23.330000000000002,23.309900000000003,900,900
24.06.2024 00:35:24.513,23.329900000000002,23.3098,900,900
24.06.2024 00:35:26.018,23.328500000000002,23.309,900,900
24.06.2024 00:35:26.320,23.3292,23.309,900,900
24.06.2024 00:35:26.421,23.3292,23.309900000000003,900,900
24.06.2024 00:35:26.521,23.330000000000002,23.3105,900,900
24.06.2024 00:35:26.823,23.330000000000002,23.31,900,900
24.06.2024 00:35:29.479,23.330000000000002,23.3095,900,1800
24.06.2024 00:35:47.896,23.328599999999998,23.3095,900,900
24.06.2024 00:35:56.972,23.3291,23.3095,900,900
24.06.2024 00:35:57.473,23.3291,23.309400000000004,900,900
24.06.2024 00:35:57.575,23.3291,23.310299999999998,900,900
24.06.2024 00:35:57.676,23.329900000000002,23.310299999999998,900,900
24.06.2024 00:35:58.278,23.3305,23.311,900,900
24.06.2024 00:35:59.533,23.331200000000003,23.311,900,900
24.06.2024 00:36:02.189,23.331200000000003,23.3111,900,900
24.06.2024 00:36:02.391,23.3321,23.3126,900,900
24.06.2024 00:36:03.194,23.3321,23.312099999999997,900,900
24.06.2024 00:36:03.395,23.3321,23.3123,900,900
24.06.2024 00:36:04.098,23.3328,23.313299999999998,900,900
24.06.2024 00:36:20.382,23.3328,23.3127,900,900
24.06.2024 00:36:31.660,23.3306,23.3123,900,900
24.06.2024 00:36:31.763,23.3333,23.3123,900,900
24.06.2024 00:36:31.964,23.331200000000003,23.3123,900,900
24.06.2024 00:36:33.018,23.3328,23.313299999999998,900,900
24.06.2024 00:37:10.156,23.331200000000003,23.3119,900,900
24.06.2024 00:37:10.257,23.3334,23.3119,900,900
24.06.2024 00:37:10.359,23.3311,23.3119,900,900
24.06.2024 00:37:11.263,23.3321,23.3119,900,900
24.06.2024 00:37:11.564,23.3321,23.3126,900,900
24.06.2024 00:38:06.285,23.3321,23.312,900,900
24.06.2024 00:38:23.435,23.328200000000002,23.3111,900,900
24.06.2024 00:38:23.537,23.3321,23.3111,900,900
24.06.2024 00:38:23.638,23.3305,23.3111,900,1800
24.06.2024 00:38:24.240,23.3305,23.3104,900,900
24.06.2024 00:38:24.340,23.3305,23.311400000000003,900,900
24.06.2024 00:38:25.846,23.3305,23.3104,900,900
24.06.2024 00:38:25.946,23.3307,23.3104,900,900
24.06.2024 00:38:26.047,23.329700000000003,23.3101,900,450
24.06.2024 00:38:26.148,23.3291,23.309900000000003,900,900
24.06.2024 00:38:26.600,23.3291,23.309,900,900
24.06.2024 00:38:28.908,23.3291,23.308500000000002,900,900
24.06.2024 00:39:09.082,23.3296,23.307900000000004,900,1200
24.06.2024 00:39:09.284,23.3288,23.309400000000004,900,900
24.06.2024 00:39:09.687,23.3307,23.3095,900,900
24.06.2024 00:39:09.787,23.328500000000002,23.309099999999997,900,900
24.06.2024 00:39:12.044,23.329,23.309099999999997,900,900
24.06.2024 00:39:51.946,23.3272,23.3076,900,900
24.06.2024 00:39:52.047,23.329400000000003,23.31,900,900
24.06.2024 00:39:52.649,23.329400000000003,23.3089,900,900
24.06.2024 00:40:01.536,23.329400000000003,23.309099999999997,900,900
24.06.2024 00:40:04.243,23.328,23.3086,900,900
24.06.2024 00:40:05.496,23.328,23.3081,900,900
24.06.2024 00:40:34.920,23.328,23.3075,900,900
24.06.2024 00:40:37.073,23.3266,23.3075,900,900
24.06.2024 00:40:38.376,23.3266,23.306900000000002,900,900
24.06.2024 00:40:40.434,23.325200000000002,23.3058,900,900
24.06.2024 00:40:41.335,23.3257,23.3058,900,900
24.06.2024 00:40:57.344,23.3263,23.3058,900,900
24.06.2024 00:41:02.054,23.3263,23.3059,900,900
24.06.2024 00:41:09.373,23.3263,23.3063,900,900
24.06.2024 00:41:09.478,23.3263,23.3071,900,900
24.06.2024 00:41:09.579,23.327099999999998,23.3077,900,900
24.06.2024 00:41:13.338,23.3278,23.3077,900,900
24.06.2024 00:41:13.439,23.3278,23.307900000000004,900,900
24.06.2024 00:41:13.540,23.328500000000002,23.309099999999997,900,900
24.06.2024 00:41:14.143,23.3295,23.309099999999997,900,2700
24.06.2024 00:41:14.645,23.3295,23.3105,900,900
24.06.2024 00:41:15.147,23.330099999999998,23.3105,900,900
24.06.2024 00:41:16.401,23.330099999999998,23.309900000000003,900,900
24.06.2024 00:41:35.303,23.3288,23.309400000000004,900,900
24.06.2024 00:41:35.404,23.3293,23.309400000000004,900,900
24.06.2024 00:41:35.705,23.327900000000003,23.308400000000002,900,1200
24.06.2024 00:41:35.806,23.3288,23.3095,900,900
24.06.2024 00:41:45.177,23.3293,23.3095,900,900
24.06.2024 00:41:48.336,23.3293,23.309,900,900
24.06.2024 00:41:48.840,23.3295,23.309,900,900
24.06.2024 00:41:48.942,23.328500000000002,23.309,900,900
24.06.2024 00:41:49.043,23.328,23.309,900,900
24.06.2024 00:41:50.396,23.328,23.308200000000003,900,900
24.06.2024 00:41:51.199,23.328,23.3076,900,900
24.06.2024 00:41:57.412,23.3287,23.3093,900,900
24.06.2024 00:41:57.714,23.329400000000003,23.309900000000003,900,900
24.06.2024 00:41:57.815,23.3303,23.311,900,900
24.06.2024 00:41:57.916,23.3355,23.3111,820,900
24.06.2024 00:41:58.067,23.3355,23.311,820,900
24.06.2024 00:41:58.117,23.3355,23.3119,820,900
24.06.2024 00:41:58.820,23.3308,23.3126,450,900
24.06.2024 00:41:59.724,23.332,23.3126,900,900
24.06.2024 00:42:01.380,23.332,23.312099999999997,900,900
24.06.2024 00:42:05.340,23.331,23.312099999999997,900,900
24.06.2024 00:42:07.496,23.331,23.3112,900,900
24.06.2024 00:42:08.599,23.331,23.3107,900,900
24.06.2024 00:42:18.342,23.3295,23.310200000000002,900,900
24.06.2024 00:42:20.902,23.3295,23.309700000000003,900,900
24.06.2024 00:42:21.304,23.3295,23.310200000000002,900,450
24.06.2024 00:42:21.406,23.3295,23.309700000000003,900,900
24.06.2024 00:42:39.094,23.3295,23.310200000000002,900,450
24.06.2024 00:42:39.295,23.330099999999998,23.310200000000002,900,450
24.06.2024 00:42:39.496,23.330099999999998,23.3107,900,900
24.06.2024 00:42:39.597,23.330099999999998,23.311,900,900
24.06.2024 00:42:39.848,23.330900000000003,23.311,900,900
24.06.2024 00:42:39.949,23.331400000000002,23.3123,900,900
24.06.2024 00:42:40.050,23.331400000000002,23.3124,900,900
24.06.2024 00:42:40.151,23.331400000000002,23.3123,900,900
24.06.2024 00:42:40.252,23.331500000000002,23.3125,450,900
24.06.2024 00:42:40.855,23.331500000000002,23.3139,450,900
24.06.2024 00:42:41.758,23.332,23.3139,900,900
24.06.2024 00:42:41.960,23.332,23.3138,900,900
24.06.2024 00:42:42.111,23.332,23.3139,900,900
24.06.2024 00:42:42.262,23.332,23.3141,900,900
24.06.2024 00:42:42.564,23.332,23.3154,900,900
24.06.2024 00:42:42.765,23.332,23.315099999999997,900,900
24.06.2024 00:42:42.967,23.332,23.314700000000002,900,900
24.06.2024 00:42:43.068,23.332,23.315,900,900
24.06.2024 00:42:43.169,23.332,23.3155,900,900
24.06.2024 00:42:43.571,23.332,23.3161,900,900
24.06.2024 00:42:43.672,23.332,23.3158,900,900
24.06.2024 00:42:43.974,23.3346,23.3161,900,900
24.06.2024 00:42:44.176,23.3346,23.3163,900,900
24.06.2024 00:42:44.277,23.3346,23.3161,900,900
24.06.2024 00:42:45.330,23.3346,23.317400000000003,900,900
24.06.2024 00:42:45.832,23.3346,23.3163,900,900
24.06.2024 00:42:46.636,23.3346,23.3154,900,900
24.06.2024 00:42:46.838,23.3346,23.3155,900,900
24.06.2024 00:42:47.240,23.3346,23.316,900,450
24.06.2024 00:42:48.345,23.3346,23.3165,900,900
24.06.2024 00:42:48.447,23.3346,23.316,900,450
24.06.2024 00:42:49.251,23.3346,23.3157,900,900
24.06.2024 00:42:49.452,23.3346,23.315099999999997,900,1800
24.06.2024 00:42:52.011,23.3346,23.316200000000002,900,900
24.06.2024 00:42:52.212,23.3346,23.3161,900,900
24.06.2024 00:42:52.514,23.3346,23.3155,900,900
24.06.2024 00:42:53.418,23.3346,23.315099999999997,900,900
24.06.2024 00:42:53.519,23.333900000000003,23.3146,900,900
24.06.2024 00:42:54.223,23.333900000000003,23.3141,900,900
24.06.2024 00:42:54.525,23.333900000000003,23.3143,900,900
24.06.2024 00:42:54.776,23.333900000000003,23.3138,900,1800
24.06.2024 00:42:54.877,23.333900000000003,23.3143,900,900
24.06.2024 00:42:55.279,23.333900000000003,23.3138,900,1800
24.06.2024 00:42:55.580,23.333900000000003,23.3141,900,900
24.06.2024 00:42:55.881,23.3335,23.3141,450,900
24.06.2024 00:42:56.283,23.3335,23.313599999999997,450,900
24.06.2024 00:42:57.086,23.3325,23.313599999999997,900,900
24.06.2024 00:42:57.688,23.3325,23.3137,900,900
24.06.2024 00:42:57.789,23.3333,23.3137,900,900
24.06.2024 00:42:58.843,23.3333,23.3143,900,900
24.06.2024 00:42:59.144,23.3338,23.3137,900,900
24.06.2024 00:42:59.245,23.3338,23.313599999999997,900,900
24.06.2024 00:42:59.345,23.3335,23.313599999999997,450,900
24.06.2024 00:43:00.849,23.3335,23.314700000000002,450,1800
24.06.2024 00:43:01.253,23.3338,23.314700000000002,900,1800
24.06.2024 00:43:01.504,23.3346,23.314700000000002,900,1800
24.06.2024 00:43:01.806,23.3346,23.3165,900,900
24.06.2024 00:43:03.611,23.3346,23.3163,900,900
24.06.2024 00:43:04.014,23.3346,23.315900000000003,900,450
24.06.2024 00:43:04.114,23.333900000000003,23.315900000000003,900,450
24.06.2024 00:43:06.073,23.333900000000003,23.3145,900,900
24.06.2024 00:43:06.174,23.333900000000003,23.3141,900,900
24.06.2024 00:43:06.375,23.334500000000002,23.3153,900,900
24.06.2024 00:43:06.878,23.334500000000002,23.3157,900,900
24.06.2024 00:43:07.079,23.3346,23.3157,900,900
24.06.2024 00:43:11.041,23.3346,23.3156,900,900
24.06.2024 00:43:12.196,23.3346,23.3155,900,900
24.06.2024 00:43:12.297,23.3343,23.315099999999997,900,900
24.06.2024 00:43:12.398,23.3343,23.315,900,900
24.06.2024 00:43:13.702,23.334,23.315,450,900
24.06.2024 00:43:13.805,23.334,23.3142,450,1200
24.06.2024 00:43:14.107,23.333000000000002,23.3137,900,1200
24.06.2024 00:43:17.167,23.333000000000002,23.312900000000003,900,900
24.06.2024 00:43:18.372,23.333099999999998,23.3142,450,900
24.06.2024 00:43:18.674,23.333099999999998,23.3141,450,1800
24.06.2024 00:43:19.076,23.3335,23.3141,900,1800
24.06.2024 00:43:19.177,23.3343,23.3141,900,1800
24.06.2024 00:43:19.278,23.3343,23.3145,900,450
24.06.2024 00:43:19.831,23.3343,23.314400000000003,900,450
24.06.2024 00:43:20.032,23.3343,23.3145,900,450
24.06.2024 00:43:20.735,23.3346,23.3155,900,900
24.06.2024 00:43:21.338,23.3346,23.3157,900,900
24.06.2024 00:43:21.439,23.3346,23.316200000000002,900,900
24.06.2024 00:43:21.590,23.3346,23.3169,900,900
24.06.2024 00:43:21.741,23.3346,23.317,900,900
24.06.2024 00:43:21.842,23.3346,23.3173,900,900
24.06.2024 00:43:22.043,23.3346,23.318,900,450
24.06.2024 00:43:22.144,23.3346,23.3183,900,900
24.06.2024 00:43:22.445,23.3346,23.318,900,450
24.06.2024 00:43:22.948,23.3346,23.318099999999998,900,900
24.06.2024 00:43:24.504,23.3346,23.3178,900,900
24.06.2024 00:43:24.907,23.3346,23.3179,900,450
24.06.2024 00:43:26.866,23.3358,23.3179,900,450
24.06.2024 00:43:26.967,23.3358,23.3169,900,900
24.06.2024 00:43:27.068,23.3358,23.3168,900,900
24.06.2024 00:43:27.169,23.3358,23.3169,900,450
24.06.2024 00:43:28.074,23.3352,23.3169,900,450
24.06.2024 00:43:28.777,23.3358,23.3169,900,450
24.06.2024 00:43:29.179,23.3358,23.315900000000003,900,900
24.06.2024 00:43:29.781,23.3347,23.3154,900,900
24.06.2024 00:43:31.236,23.3347,23.3149,900,900
24.06.2024 00:43:31.738,23.3347,23.3156,900,1800
24.06.2024 00:43:31.939,23.3352,23.3163,450,900
24.06.2024 00:43:32.691,23.3352,23.3158,450,900
24.06.2024 00:43:33.594,23.335,23.3158,450,900
24.06.2024 00:43:33.695,23.3343,23.315,900,900
24.06.2024 00:43:35.200,23.3347,23.315,450,900
24.06.2024 00:43:35.652,23.3348,23.315,900,900
24.06.2024 00:43:36.003,23.3348,23.3149,900,450
24.06.2024 00:43:36.104,23.3348,23.315,900,900
24.06.2024 00:43:36.305,23.335,23.3157,450,1800
24.06.2024 00:43:36.406,23.335,23.316599999999998,450,900
24.06.2024 00:43:36.608,23.335,23.3167,450,450
24.06.2024 00:43:37.662,23.3355,23.3167,900,450
24.06.2024 00:43:37.863,23.3353,23.3167,450,450
24.06.2024 00:43:38.264,23.3353,23.317,450,900
24.06.2024 00:43:38.465,23.3353,23.3171,450,900
24.06.2024 00:43:38.566,23.3353,23.3185,450,900
24.06.2024 00:43:38.768,23.3353,23.319200000000002,450,900
24.06.2024 00:43:39.170,23.3353,23.3182,450,900
24.06.2024 00:43:39.772,23.3358,23.3182,900,900
24.06.2024 00:43:40.175,23.3358,23.3191,900,900
24.06.2024 00:43:40.928,23.3358,23.3186,900,900
24.06.2024 00:43:41.330,23.3358,23.318,900,900
24.06.2024 00:43:41.632,23.337,23.318,900,900
24.06.2024 00:43:41.833,23.337,23.3168,900,900
24.06.2024 00:43:42.436,23.335400000000003,23.3161,900,900
24.06.2024 00:43:42.637,23.3361,23.3161,900,900
24.06.2024 00:43:43.542,23.3366,23.3173,900,1800
24.06.2024 00:43:43.743,23.3366,23.317700000000002,900,900
24.06.2024 00:43:44.045,23.337200000000003,23.317700000000002,900,900
24.06.2024 00:43:46.105,23.3377,23.3187,900,900
24.06.2024 00:43:46.206,23.338,23.3194,900,900
24.06.2024 00:43:46.307,23.338,23.3188,900,900
24.06.2024 00:43:46.809,23.338,23.318900000000003,900,900
24.06.2024 00:43:46.910,23.3385,23.318900000000003,900,900
24.06.2024 00:43:47.312,23.3393,23.32,900,900
24.06.2024 00:43:47.915,23.3393,23.3194,900,900
24.06.2024 00:43:48.366,23.3398,23.3205,900,900
24.06.2024 00:43:48.568,23.3398,23.3199,900,900
24.06.2024 00:43:48.669,23.3398,23.32,900,900
24.06.2024 00:43:49.974,23.3397,23.3195,450,900
24.06.2024 00:43:51.985,23.3398,23.3195,900,900
24.06.2024 00:43:53.089,23.3385,23.3195,900,900
24.06.2024 00:43:53.442,23.3385,23.3199,900,900
24.06.2024 00:43:53.542,23.3392,23.3199,900,900
24.06.2024 00:43:54.147,23.3392,23.3195,900,900
24.06.2024 00:43:54.247,23.3392,23.319200000000002,900,1200
24.06.2024 00:43:54.549,23.3392,23.3195,900,900
24.06.2024 00:43:54.750,23.3392,23.3194,900,1200
24.06.2024 00:43:55.553,23.3392,23.319,900,900
24.06.2024 00:43:56.255,23.3392,23.3199,900,900
24.06.2024 00:43:56.456,23.3392,23.3202,900,900
24.06.2024 00:43:56.807,23.3392,23.3199,900,900
24.06.2024 00:43:57.811,23.3392,23.3201,900,900
24.06.2024 00:43:58.012,23.3392,23.318900000000003,900,1200
24.06.2024 00:43:58.615,23.3392,23.319,900,900
24.06.2024 00:44:00.473,23.337500000000002,23.3182,900,900
24.06.2024 00:44:00.574,23.3381,23.3182,900,900
24.06.2024 00:44:02.081,23.3381,23.3185,900,1800
24.06.2024 00:44:02.684,23.3382,23.3197,450,900
24.06.2024 00:44:03.438,23.34,23.3197,900,900
24.06.2024 00:44:03.840,23.34,23.321,900,900
24.06.2024 00:44:04.142,23.3406,23.321,900,900
24.06.2024 00:44:04.243,23.3406,23.3213,900,1800
24.06.2024 00:44:04.344,23.340799999999998,23.3213,450,1800
24.06.2024 00:44:04.645,23.340799999999998,23.3225,450,900
24.06.2024 00:44:05.148,23.340799999999998,23.322,450,900
24.06.2024 00:44:05.752,23.340799999999998,23.3215,450,900
24.06.2024 00:44:06.054,23.3418,23.3215,900,900
24.06.2024 00:44:08.814,23.341900000000003,23.3215,1800,900
24.06.2024 00:44:09.016,23.3401,23.3209,900,900
24.06.2024 00:44:09.116,23.3401,23.3203,900,1200
24.06.2024 00:44:10.272,23.3401,23.3197,900,900
24.06.2024 00:44:10.574,23.3388,23.3197,900,900
24.06.2024 00:44:11.580,23.3397,23.3197,900,900
24.06.2024 00:44:12.183,23.3403,23.321,900,900
24.06.2024 00:44:15.147,23.3403,23.320400000000003,900,900
24.06.2024 00:44:18.009,23.3397,23.3199,900,900
24.06.2024 00:44:18.310,23.3396,23.3199,450,900
24.06.2024 00:44:18.411,23.338700000000003,23.3199,900,900
24.06.2024 00:44:18.512,23.338700000000003,23.319,900,900
24.06.2024 00:44:18.914,23.338700000000003,23.318900000000003,900,900
24.06.2024 00:44:19.115,23.338700000000003,23.319599999999998,900,1800
24.06.2024 00:44:19.216,23.3392,23.319599999999998,900,1800
24.06.2024 00:44:19.317,23.3392,23.3203,900,900
24.06.2024 00:44:19.518,23.3392,23.319599999999998,900,1800
24.06.2024 00:44:19.719,23.3392,23.3198,900,900
24.06.2024 00:44:20.121,23.3396,23.3203,450,900
24.06.2024 00:44:20.222,23.3396,23.320400000000003,450,900
24.06.2024 00:44:20.323,23.34,23.320400000000003,900,900
24.06.2024 00:44:21.527,23.34,23.3203,900,900
24.06.2024 00:44:21.678,23.34,23.3197,900,900
24.06.2024 00:44:22.180,23.34,23.319599999999998,900,900
24.06.2024 00:44:22.481,23.34,23.321099999999998,900,900
24.06.2024 00:44:23.185,23.34,23.3205,900,900
24.06.2024 00:44:25.244,23.340500000000002,23.3205,900,900
24.06.2024 00:44:27.553,23.3392,23.3199,900,900
24.06.2024 00:44:29.510,23.339900000000004,23.3199,900,900
24.06.2024 00:44:30.214,23.340500000000002,23.3212,900,900
24.06.2024 00:44:31.219,23.341,23.3212,900,900
24.06.2024 00:44:34.483,23.341,23.320700000000002,900,900
24.06.2024 00:44:35.487,23.341,23.3206,900,900
24.06.2024 00:44:35.589,23.341,23.320700000000002,900,900
24.06.2024 00:44:36.393,23.341,23.322,900,900
24.06.2024 00:44:36.694,23.341,23.3212,900,900
24.06.2024 00:44:38.100,23.3412,23.3212,900,900
24.06.2024 00:44:38.503,23.341099999999997,23.3212,900,900
24.06.2024 00:44:38.754,23.341099999999997,23.320700000000002,900,900
24.06.2024 00:44:39.156,23.3409,23.320700000000002,900,900
24.06.2024 00:44:39.357,23.341,23.320700000000002,900,900
24.06.2024 00:44:42.518,23.3395,23.3202,900,900
24.06.2024 00:44:44.023,23.3395,23.319599999999998,900,900
24.06.2024 00:44:44.426,23.34,23.319599999999998,900,900
24.06.2024 00:44:45.530,23.338700000000003,23.319599999999998,900,900
24.06.2024 00:44:46.083,23.338700000000003,23.3186,900,900
24.06.2024 00:44:47.088,23.3392,23.32,450,900
24.06.2024 00:44:47.591,23.3398,23.32,900,900
24.06.2024 00:44:48.847,23.3398,23.3202,900,900
24.06.2024 00:44:48.948,23.3403,23.3202,900,900
24.06.2024 00:44:49.049,23.3403,23.3215,900,900
24.06.2024 00:44:50.958,23.340799999999998,23.3215,900,900
24.06.2024 00:44:51.160,23.3412,23.3215,900,900
24.06.2024 00:44:53.320,23.3413,23.3215,900,900
24.06.2024 00:44:55.930,23.3416,23.3215,900,900
24.06.2024 00:44:56.283,23.339900000000004,23.320700000000002,900,900
24.06.2024 00:44:56.987,23.339900000000004,23.3202,900,900
24.06.2024 00:44:57.590,23.3406,23.3202,900,900
24.06.2024 00:44:57.691,23.3415,23.3223,900,900
24.06.2024 00:44:57.792,23.3406,23.3223,450,900
24.06.2024 00:44:59.699,23.3415,23.3223,900,900
24.06.2024 00:45:00.403,23.3415,23.3216,900,900
24.06.2024 00:45:00.906,23.3415,23.321099999999998,900,900
24.06.2024 00:45:01.007,23.3401,23.321099999999998,900,900
24.06.2024 00:45:01.610,23.340700000000002,23.321099999999998,900,900
24.06.2024 00:45:03.666,23.3412,23.321099999999998,900,900
24.06.2024 00:45:03.968,23.3417,23.3227,450,900
24.06.2024 00:45:04.169,23.3417,23.322200000000002,450,900
24.06.2024 00:45:06.025,23.341900000000003,23.322200000000002,900,900
24.06.2024 00:45:10.188,23.341900000000003,23.3217,900,900
24.06.2024 00:45:12.746,23.3406,23.3217,900,900
24.06.2024 00:45:13.148,23.3406,23.3209,900,900
24.06.2024 00:45:13.350,23.3406,23.320400000000003,900,900
24.06.2024 00:45:18.165,23.3406,23.3218,900,900
24.06.2024 00:45:18.366,23.3406,23.321,900,900
24.06.2024 00:45:18.869,23.3406,23.320400000000003,900,900
24.06.2024 00:45:18.970,23.3393,23.320400000000003,900,900
24.06.2024 00:45:19.071,23.3391,23.3194,900,900
24.06.2024 00:45:19.423,23.3391,23.318900000000003,900,900
24.06.2024 00:45:19.524,23.3377,23.3185,900,450
24.06.2024 00:45:19.625,23.3376,23.3185,900,450
24.06.2024 00:45:19.826,23.3361,23.3185,900,450
24.06.2024 00:45:20.430,23.335900000000002,23.3185,900,450
24.06.2024 00:45:20.530,23.335900000000002,23.316200000000002,900,900
24.06.2024 00:45:23.592,23.3361,23.316200000000002,900,900
24.06.2024 00:45:26.303,23.3362,23.316200000000002,900,900
24.06.2024 00:45:26.906,23.335700000000003,23.3157,900,900
24.06.2024 00:45:27.007,23.3346,23.3157,900,900
24.06.2024 00:45:27.108,23.3346,23.3152,900,900
24.06.2024 00:45:27.561,23.3346,23.314700000000002,900,900
24.06.2024 00:45:27.863,23.3346,23.3142,900,900
24.06.2024 00:45:28.064,23.333099999999998,23.3142,900,900
24.06.2024 00:45:28.165,23.333099999999998,23.3137,900,900
24.06.2024 00:45:28.969,23.333099999999998,23.313200000000002,900,900
24.06.2024 00:45:30.475,23.333000000000002,23.313200000000002,900,900
24.06.2024 00:45:30.677,23.3318,23.3126,900,900
24.06.2024 00:45:30.979,23.3318,23.312,900,900
24.06.2024 00:45:31.933,23.3325,23.312,900,900
24.06.2024 00:45:32.035,23.3325,23.3122,900,900
24.06.2024 00:45:32.136,23.3338,23.313200000000002,1200,900
24.06.2024 00:45:32.237,23.3338,23.3146,1200,450
24.06.2024 00:45:32.338,23.3338,23.314799999999998,900,900
24.06.2024 00:45:32.740,23.334400000000002,23.314799999999998,900,900
24.06.2024 00:45:33.142,23.334500000000002,23.314799999999998,900,900
24.06.2024 00:45:33.444,23.3349,23.314799999999998,900,900
24.06.2024 00:45:33.546,23.3349,23.3161,900,900
24.06.2024 00:45:34.249,23.3349,23.3156,900,900
24.06.2024 00:45:35.003,23.3349,23.315099999999997,900,900
24.06.2024 00:45:35.405,23.334400000000002,23.315099999999997,900,900
24.06.2024 00:45:35.506,23.334400000000002,23.3146,900,900
24.06.2024 00:45:35.808,23.3337,23.3146,900,900
24.06.2024 00:45:35.909,23.3336,23.3146,900,900
24.06.2024 00:45:36.311,23.332400000000003,23.313200000000002,900,900
24.06.2024 00:45:37.416,23.3323,23.313200000000002,900,900
24.06.2024 00:45:37.817,23.3323,23.3124,900,900
24.06.2024 00:45:38.420,23.332400000000003,23.3124,900,900
24.06.2024 00:45:38.623,23.3323,23.3124,900,900
24.06.2024 00:45:39.376,23.332900000000002,23.3137,900,900
24.06.2024 00:45:39.778,23.3334,23.3137,900,900
24.06.2024 00:45:39.879,23.3334,23.3139,900,1800
24.06.2024 00:45:39.980,23.334400000000002,23.315099999999997,900,900
24.06.2024 00:45:40.783,23.3349,23.315099999999997,900,900
24.06.2024 00:45:41.286,23.335,23.315099999999997,900,900
24.06.2024 00:45:43.244,23.3337,23.3145,900,900
24.06.2024 00:45:43.546,23.3337,23.314,900,900
24.06.2024 00:45:45.855,23.334200000000003,23.314,900,900
24.06.2024 00:45:46.257,23.3347,23.3154,900,900
24.06.2024 00:45:50.270,23.3347,23.314400000000003,900,900
24.06.2024 00:45:50.371,23.3346,23.314400000000003,1800,900
24.06.2024 00:45:50.873,23.333099999999998,23.3139,900,900
24.06.2024 00:45:52.179,23.3337,23.3139,900,900
24.06.2024 00:45:53.083,23.3338,23.3139,1800,900
24.06.2024 00:45:53.184,23.333000000000002,23.3139,450,900
24.06.2024 00:45:53.285,23.332,23.3127,900,900
24.06.2024 00:45:53.386,23.332400000000003,23.3127,900,900
24.06.2024 00:45:53.988,23.332400000000003,23.3123,900,900
24.06.2024 00:45:54.441,23.332400000000003,23.3122,900,900
24.06.2024 00:45:56.449,23.3311,23.3122,900,900
24.06.2024 00:45:56.550,23.3313,23.3116,1800,900
24.06.2024 00:45:56.752,23.331,23.3109,900,900
24.06.2024 00:45:56.954,23.329400000000003,23.310200000000002,900,1200
24.06.2024 00:45:57.608,23.329400000000003,23.3096,900,900
24.06.2024 00:45:57.809,23.3296,23.3096,900,900
24.06.2024 00:45:58.010,23.3296,23.309099999999997,1800,900
24.06.2024 00:45:58.413,23.329400000000003,23.310599999999997,900,900
24.06.2024 00:45:58.514,23.3306,23.310599999999997,1200,900
24.06.2024 00:45:58.715,23.3306,23.3108,1200,450
24.06.2024 00:45:58.817,23.3306,23.3109,1200,900
24.06.2024 00:45:59.068,23.332400000000003,23.313200000000002,1200,900
24.06.2024 00:45:59.621,23.333000000000002,23.313200000000002,900,900
24.06.2024 00:46:00.073,23.3341,23.3149,1200,900
24.06.2024 00:46:00.878,23.3341,23.314400000000003,900,900
24.06.2024 00:46:02.685,23.3336,23.314400000000003,450,900
24.06.2024 00:46:03.488,23.3336,23.3138,450,900
24.06.2024 00:46:03.589,23.3325,23.313200000000002,900,900
24.06.2024 00:46:04.142,23.3325,23.3125,900,900
24.06.2024 00:46:06.552,23.333099999999998,23.3138,900,900
24.06.2024 00:46:07.054,23.333099999999998,23.313299999999998,900,900
24.06.2024 00:46:07.356,23.333099999999998,23.3137,900,900
24.06.2024 00:46:08.060,23.333099999999998,23.313299999999998,900,900
24.06.2024 00:46:09.567,23.3335,23.3135,900,1800
24.06.2024 00:46:09.768,23.3336,23.314799999999998,900,900
24.06.2024 00:46:09.970,23.3336,23.315099999999997,900,900
24.06.2024 00:46:10.071,23.3348,23.3161,1200,900
24.06.2024 00:46:10.172,23.3358,23.316599999999998,1200,900
24.06.2024 00:46:10.625,23.3363,23.3173,450,900
24.06.2024 00:46:10.826,23.3363,23.3183,450,900
24.06.2024 00:46:11.636,23.3382,23.3183,900,900
24.06.2024 00:46:11.837,23.3385,23.3183,1800,900
24.06.2024 00:46:12.038,23.337,23.3178,900,900
24.06.2024 00:46:12.341,23.337,23.3173,900,900
24.06.2024 00:46:12.441,23.3364,23.3167,900,900
24.06.2024 00:46:12.843,23.335700000000003,23.3167,900,900
24.06.2024 00:46:12.944,23.335700000000003,23.316200000000002,900,900
24.06.2024 00:46:13.045,23.335700000000003,23.3161,900,900
24.06.2024 00:46:13.346,23.334400000000002,23.3152,900,900
24.06.2024 00:46:15.406,23.3349,23.3152,900,900
24.06.2024 00:46:16.512,23.3349,23.3146,900,900
24.06.2024 00:46:16.663,23.3348,23.3146,1800,900
24.06.2024 00:46:16.713,23.3334,23.3146,900,900
24.06.2024 00:46:16.814,23.3334,23.3139,900,900
24.06.2024 00:46:17.217,23.331599999999998,23.3123,900,1200
24.06.2024 00:46:17.518,23.331599999999998,23.3075,900,820
24.06.2024 00:46:18.323,23.3302,23.3113,900,900
24.06.2024 00:46:18.726,23.3307,23.3113,900,900
24.06.2024 00:46:20.183,23.3307,23.311400000000003,900,1800
24.06.2024 00:46:20.284,23.331400000000002,23.311799999999998,900,450
24.06.2024 00:46:20.385,23.331400000000002,23.3126,900,900
24.06.2024 00:46:20.586,23.331400000000002,23.313200000000002,900,900
24.06.2024 00:46:20.687,23.332700000000003,23.313200000000002,1200,900
24.06.2024 00:46:20.788,23.334200000000003,23.3145,900,900
24.06.2024 00:46:22.396,23.334200000000003,23.3152,900,900
24.06.2024 00:46:22.999,23.334200000000003,23.3146,900,900
24.06.2024 00:46:23.302,23.334200000000003,23.314,900,900
24.06.2024 00:46:23.855,23.3328,23.314,900,900
24.06.2024 00:46:23.956,23.3328,23.313,900,900
24.06.2024 00:46:24.157,23.3313,23.312099999999997,900,900
24.06.2024 00:46:24.760,23.3318,23.312099999999997,900,900
24.06.2024 00:46:24.962,23.3318,23.3125,900,1800
24.06.2024 00:46:25.063,23.3318,23.3128,900,450
24.06.2024 00:46:25.164,23.3328,23.313599999999997,900,900
24.06.2024 00:46:25.265,23.3333,23.313599999999997,900,900
24.06.2024 00:46:26.369,23.333000000000002,23.313599999999997,1800,900
24.06.2024 00:46:26.470,23.332,23.3128,900,900
24.06.2024 00:46:27.274,23.332,23.3119,900,900
24.06.2024 00:46:27.374,23.3307,23.3119,900,900
24.06.2024 00:46:27.576,23.3307,23.3112,900,900
24.06.2024 00:46:27.978,23.331400000000002,23.3112,900,900
24.06.2024 00:46:28.530,23.330099999999998,23.3112,900,900
24.06.2024 00:46:28.732,23.330099999999998,23.3107,900,900
24.06.2024 00:46:28.832,23.330099999999998,23.3101,900,900
24.06.2024 00:46:29.134,23.3288,23.3096,900,900
24.06.2024 00:46:29.235,23.3289,23.3096,1800,900
24.06.2024 00:46:29.336,23.3289,23.309099999999997,1800,900
24.06.2024 00:46:29.437,23.3288,23.308500000000002,900,900
24.06.2024 00:46:29.839,23.3304,23.3108,900,1800
24.06.2024 00:46:30.040,23.331,23.311799999999998,900,900
24.06.2024 00:46:30.342,23.332,23.313200000000002,450,900
24.06.2024 00:46:30.443,23.332400000000003,23.313200000000002,900,900
24.06.2024 00:46:30.845,23.332900000000002,23.313200000000002,900,900
24.06.2024 00:46:34.209,23.3338,23.3146,900,900
24.06.2024 00:46:35.013,23.3334,23.3146,450,900
24.06.2024 00:46:35.214,23.3334,23.3138,450,900
24.06.2024 00:46:35.515,23.3322,23.313,900,900
24.06.2024 00:46:35.717,23.3322,23.3123,900,900
24.06.2024 00:46:35.818,23.332,23.3123,900,900
24.06.2024 00:46:36.019,23.3302,23.311,900,900
24.06.2024 00:46:37.276,23.3307,23.311,900,900
24.06.2024 00:46:37.427,23.331500000000002,23.3123,900,900
24.06.2024 00:46:38.432,23.3325,23.3123,900,900
24.06.2024 00:46:38.533,23.3325,23.3137,900,900
24.06.2024 00:46:38.785,23.337500000000002,23.3137,820,900
24.06.2024 00:46:40.091,23.332900000000002,23.315,450,900
24.06.2024 00:46:40.293,23.334200000000003,23.315,900,900
24.06.2024 00:46:41.398,23.3347,23.315,900,900
24.06.2024 00:46:44.258,23.3352,23.315,900,900
24.06.2024 00:46:45.462,23.3352,23.3163,900,900
24.06.2024 00:46:46.717,23.3352,23.3158,900,900
24.06.2024 00:46:47.223,23.3349,23.3153,900,900
24.06.2024 00:46:47.324,23.334500000000002,23.3153,450,900
24.06.2024 00:46:47.425,23.334500000000002,23.314799999999998,450,900
24.06.2024 00:46:47.526,23.3333,23.3141,900,900
24.06.2024 00:46:51.589,23.3333,23.313200000000002,900,900
24.06.2024 00:46:51.690,23.333000000000002,23.313200000000002,1800,900
24.06.2024 00:46:51.891,23.3319,23.3127,900,900
24.06.2024 00:46:52.193,23.3319,23.312099999999997,900,900
24.06.2024 00:46:52.897,23.3319,23.312,900,1800
24.06.2024 00:46:52.997,23.332900000000002,23.3137,900,900
24.06.2024 00:46:53.300,23.3334,23.3139,900,1800
24.06.2024 00:46:53.401,23.334200000000003,23.3154,450,900
24.06.2024 00:46:53.602,23.3346,23.3154,900,900
24.06.2024 00:46:53.904,23.3351,23.3154,900,900
24.06.2024 00:46:57.173,23.3352,23.3154,900,900
24.06.2024 00:46:58.481,23.3358,23.3164,900,1800
24.06.2024 00:46:58.582,23.3358,23.317,900,900
24.06.2024 00:46:58.784,23.3415,23.317,820,900
24.06.2024 00:46:59.387,23.3371,23.3183,450,900
24.06.2024 00:47:00.541,23.337200000000003,23.3183,900,900
24.06.2024 00:47:01.244,23.337200000000003,23.3178,900,900
24.06.2024 00:47:05.309,23.337200000000003,23.3179,900,900
24.06.2024 00:47:06.213,23.337200000000003,23.3178,900,900
24.06.2024 00:47:06.715,23.337200000000003,23.3172,900,900
24.06.2024 00:47:15.497,23.3358,23.316599999999998,900,900
24.06.2024 00:47:17.105,23.3358,23.315900000000003,900,900
24.06.2024 00:47:21.872,23.3358,23.3154,900,900
24.06.2024 00:47:21.973,23.3351,23.3154,900,900
24.06.2024 00:47:22.124,23.334400000000002,23.3154,900,900
24.06.2024 00:47:24.033,23.3351,23.3154,900,900
24.06.2024 00:47:27.346,23.3351,23.3149,900,900
24.06.2024 00:47:27.447,23.3337,23.3149,900,900
24.06.2024 00:47:27.649,23.3337,23.3143,900,900
24.06.2024 00:47:28.304,23.3343,23.3156,900,1800
24.06.2024 00:47:28.405,23.3353,23.3161,1200,900
24.06.2024 00:47:28.807,23.3366,23.317400000000003,1200,900
24.06.2024 00:47:30.317,23.3366,23.3168,900,900
24.06.2024 00:47:31.019,23.3366,23.3164,900,900
24.06.2024 00:47:31.422,23.3366,23.3163,900,900
24.06.2024 00:47:33.680,23.3353,23.3163,900,900
24.06.2024 00:47:33.982,23.3353,23.3156,900,900
24.06.2024 00:47:35.088,23.3353,23.315,900,900
24.06.2024 00:47:35.390,23.3338,23.315,900,900
24.06.2024 00:47:35.893,23.3338,23.3145,900,900
24.06.2024 00:47:36.947,23.3338,23.314400000000003,900,900
24.06.2024 00:47:37.349,23.3338,23.3139,900,900
24.06.2024 00:47:38.455,23.3338,23.314400000000003,900,1800
24.06.2024 00:47:38.657,23.334500000000002,23.3153,900,900
24.06.2024 00:47:40.915,23.334500000000002,23.314799999999998,900,900
24.06.2024 00:47:44.034,23.334500000000002,23.3143,900,900
24.06.2024 00:47:44.235,23.333099999999998,23.3143,900,900
24.06.2024 00:47:44.336,23.333099999999998,23.3137,900,900
24.06.2024 00:47:45.691,23.332400000000003,23.3127,450,900
24.06.2024 00:47:45.845,23.331599999999998,23.3127,1800,900
24.06.2024 00:47:45.946,23.331599999999998,23.312099999999997,1800,900
24.06.2024 00:47:46.047,23.3311,23.3116,900,900
24.06.2024 00:47:46.298,23.3311,23.3111,900,900
24.06.2024 00:47:46.499,23.3298,23.310599999999997,900,900
24.06.2024 00:47:47.302,23.3298,23.3101,900,900
24.06.2024 00:47:47.804,23.3298,23.310299999999998,900,1800
24.06.2024 00:47:47.906,23.3308,23.3116,1200,900
24.06.2024 00:47:48.006,23.3318,23.312099999999997,1200,900
24.06.2024 00:47:48.408,23.3328,23.313599999999997,900,900
24.06.2024 00:47:49.413,23.332900000000002,23.313599999999997,450,900
24.06.2024 00:47:51.118,23.3334,23.313599999999997,900,900
24.06.2024 00:47:53.876,23.333900000000003,23.313599999999997,900,900
24.06.2024 00:47:54.278,23.334,23.315099999999997,900,900
24.06.2024 00:47:57.841,23.334500000000002,23.315099999999997,900,900
24.06.2024 00:48:00.200,23.334500000000002,23.3146,900,900
24.06.2024 00:48:00.602,23.334400000000002,23.3146,900,900
24.06.2024 00:48:00.704,23.3343,23.3146,900,900
24.06.2024 00:48:01.206,23.334400000000002,23.3146,900,900
24.06.2024 00:48:01.507,23.334500000000002,23.3146,900,900
24.06.2024 00:48:02.311,23.3335,23.3146,900,900
24.06.2024 00:48:02.412,23.3332,23.314,900,900
24.06.2024 00:48:02.814,23.3332,23.3135,900,900
24.06.2024 00:48:03.919,23.333000000000002,23.3135,900,900
24.06.2024 00:48:04.170,23.3332,23.3135,1800,900
24.06.2024 00:48:05.174,23.3328,23.3135,900,900
24.06.2024 00:48:05.375,23.3319,23.3128,900,900
24.06.2024 00:48:05.476,23.332400000000003,23.3128,900,900
24.06.2024 00:48:05.878,23.333000000000002,23.3128,900,900
24.06.2024 00:48:06.080,23.333000000000002,23.3127,900,1800
24.06.2024 00:48:06.181,23.333000000000002,23.3142,900,900
24.06.2024 00:48:06.282,23.3337,23.3142,900,900
24.06.2024 00:48:07.287,23.3343,23.3142,900,900
24.06.2024 00:48:07.488,23.3343,23.3155,900,900
24.06.2024 00:48:07.589,23.335,23.3155,900,900
24.06.2024 00:48:15.869,23.335,23.3149,900,900
24.06.2024 00:48:17.927,23.335,23.316200000000002,900,900
24.06.2024 00:48:18.429,23.335,23.3156,900,900
24.06.2024 00:48:23.599,23.3363,23.3175,900,900
24.06.2024 00:48:23.700,23.3367,23.3175,900,900
24.06.2024 00:48:27.262,23.3367,23.3169,900,900
24.06.2024 00:48:28.968,23.3367,23.3164,900,900
24.06.2024 00:48:29.721,23.335400000000003,23.3164,900,900
24.06.2024 00:48:33.454,23.336000000000002,23.3164,900,900
24.06.2024 00:48:33.555,23.3364,23.3164,900,900
24.06.2024 00:48:33.656,23.3365,23.3164,900,900
24.06.2024 00:48:34.158,23.3365,23.317700000000002,900,900
24.06.2024 00:48:35.664,23.337,23.317700000000002,900,900
24.06.2024 00:48:37.925,23.337,23.3168,900,900
24.06.2024 00:48:38.226,23.3366,23.3168,900,900
24.06.2024 00:48:38.328,23.3356,23.3168,900,900
24.06.2024 00:48:38.630,23.3356,23.3161,900,900
24.06.2024 00:48:48.513,23.3356,23.3156,900,900
24.06.2024 00:48:49.315,23.3352,23.3156,900,900
24.06.2024 00:48:49.617,23.3343,23.3156,900,900
24.06.2024 00:48:50.219,23.3343,23.314799999999998,900,900
24.06.2024 00:48:50.622,23.333000000000002,23.3139,900,900
24.06.2024 00:48:51.024,23.3317,23.313,900,450
24.06.2024 00:48:51.125,23.331599999999998,23.313,900,450
24.06.2024 00:48:51.327,23.331599999999998,23.3126,900,900
24.06.2024 00:48:51.528,23.331599999999998,23.312099999999997,900,1200
24.06.2024 00:48:51.729,23.331599999999998,23.312,900,1200
24.06.2024 00:48:51.830,23.3318,23.3115,900,900
24.06.2024 00:48:52.332,23.3304,23.3115,900,900
24.06.2024 00:48:52.433,23.3303,23.3115,900,900
24.06.2024 00:48:52.534,23.3303,23.3108,900,900
24.06.2024 00:48:52.635,23.3302,23.3108,900,900
24.06.2024 00:48:52.735,23.3302,23.310200000000002,900,900
24.06.2024 00:48:53.088,23.3283,23.3092,900,900
24.06.2024 00:48:54.495,23.3283,23.3087,900,900
24.06.2024 00:48:54.896,23.3283,23.3086,900,900
24.06.2024 00:48:55.850,23.3283,23.308,900,900
24.06.2024 00:48:56.152,23.327,23.308,900,900
24.06.2024 00:48:56.654,23.326900000000002,23.308,900,900
24.06.2024 00:48:56.756,23.3265,23.3074,900,900
24.06.2024 00:48:56.957,23.325599999999998,23.306900000000002,900,900
24.06.2024 00:48:57.560,23.3261,23.306900000000002,900,900
24.06.2024 00:48:57.661,23.3258,23.306400000000004,900,900
24.06.2024 00:48:57.863,23.3261,23.3072,900,450
24.06.2024 00:48:57.964,23.327099999999998,23.308,900,900
24.06.2024 00:48:58.166,23.327900000000003,23.308,900,900
24.06.2024 00:48:58.267,23.328400000000002,23.308,900,900
24.06.2024 00:48:58.468,23.328400000000002,23.3093,900,900
24.06.2024 00:48:58.920,23.329,23.3093,900,900
24.06.2024 00:48:59.323,23.3298,23.3107,900,900
24.06.2024 00:49:08.850,23.3298,23.3101,900,900
24.06.2024 00:49:17.054,23.3296,23.3101,1800,900
24.06.2024 00:49:17.155,23.328400000000002,23.3093,900,900
24.06.2024 00:49:17.758,23.328,23.3093,900,900
24.06.2024 00:49:17.859,23.328,23.308200000000003,900,900
24.06.2024 00:49:17.960,23.327,23.308200000000003,900,900
24.06.2024 00:49:18.362,23.327,23.3075,900,900
24.06.2024 00:49:18.965,23.327,23.306900000000002,900,900
24.06.2024 00:49:19.670,23.3253,23.306400000000004,900,900
24.06.2024 00:49:19.872,23.3255,23.306400000000004,900,900
24.06.2024 00:49:20.173,23.3261,23.306400000000004,900,900
24.06.2024 00:49:20.274,23.3263,23.306400000000004,900,900
24.06.2024 00:49:20.375,23.3259,23.306400000000004,900,900
24.06.2024 00:49:22.330,23.3263,23.306400000000004,900,900
24.06.2024 00:49:23.233,23.3268,23.308200000000003,900,1800
24.06.2024 00:49:23.334,23.3277,23.31,900,450
24.06.2024 00:49:23.435,23.3277,23.308200000000003,900,1800
24.06.2024 00:49:23.535,23.3277,23.3077,900,900
24.06.2024 00:49:23.636,23.3277,23.3074,900,1800
24.06.2024 00:49:23.838,23.3288,23.309700000000003,1200,900
24.06.2024 00:49:39.383,23.3288,23.3092,900,900
24.06.2024 00:50:00.434,23.3293,23.3092,900,900
24.06.2024 00:50:13.694,23.328,23.3092,900,900
24.06.2024 00:50:15.951,23.328,23.3087,900,900
24.06.2024 00:50:24.324,23.327900000000003,23.3087,900,900
24.06.2024 00:50:28.287,23.328,23.3087,900,900
24.06.2024 00:50:29.692,23.3288,23.3087,900,900
24.06.2024 00:50:29.794,23.328500000000002,23.3087,900,900
24.06.2024 00:50:32.149,23.3288,23.3087,900,900
24.06.2024 00:50:33.753,23.328599999999998,23.3087,900,900
24.06.2024 00:50:33.954,23.3287,23.3087,450,900
24.06.2024 00:50:34.455,23.328599999999998,23.3087,900,900
24.06.2024 00:50:35.811,23.3287,23.3087,450,900
24.06.2024 00:50:35.912,23.328599999999998,23.3087,900,900
24.06.2024 00:50:37.418,23.3273,23.308200000000003,900,900
24.06.2024 00:50:44.444,23.3278,23.308200000000003,900,900
24.06.2024 00:50:45.246,23.328500000000002,23.308200000000003,900,900
24.06.2024 00:50:45.347,23.328500000000002,23.3096,900,900
24.06.2024 00:50:45.748,23.3292,23.309700000000003,900,900
24.06.2024 00:50:46.250,23.329900000000002,23.309700000000003,900,900
24.06.2024 00:50:46.652,23.329900000000002,23.3109,900,900
24.06.2024 00:50:51.565,23.3305,23.3109,900,900
24.06.2024 00:50:51.665,23.3305,23.3113,900,900
24.06.2024 00:50:56.230,23.331,23.3113,900,900
24.06.2024 00:50:56.332,23.331,23.3122,900,900
24.06.2024 00:50:56.633,23.3319,23.3122,1200,900
24.06.2024 00:50:56.935,23.331599999999998,23.3122,1200,900
24.06.2024 00:51:01.844,23.332,23.3122,900,900
24.06.2024 00:51:01.945,23.3321,23.3128,900,900
24.06.2024 00:51:06.806,23.332900000000002,23.3138,900,900
24.06.2024 00:51:12.737,23.332900000000002,23.3131,900,900
24.06.2024 00:51:25.618,23.3334,23.3131,900,900
24.06.2024 00:51:26.924,23.3333,23.3131,900,900
24.06.2024 00:51:27.225,23.3334,23.3131,900,900
24.06.2024 00:51:28.882,23.3333,23.3131,900,900
24.06.2024 00:51:29.384,23.3334,23.3131,900,900
24.06.2024 00:51:29.786,23.3325,23.3131,900,900
24.06.2024 00:51:29.887,23.332,23.3131,900,900
24.06.2024 00:51:32.947,23.331599999999998,23.312,900,900
24.06.2024 00:51:38.710,23.3317,23.312,900,900
24.06.2024 00:51:47.182,23.331599999999998,23.312,900,900
24.06.2024 00:51:47.286,23.332,23.312,900,900
24.06.2024 00:51:47.389,23.3336,23.313599999999997,1200,1800
24.06.2024 00:51:47.690,23.337500000000002,23.3155,820,900
24.06.2024 00:51:47.891,23.337500000000002,23.3167,820,900
24.06.2024 00:51:47.992,23.3343,23.317,450,900
24.06.2024 00:51:48.193,23.3371,23.3193,450,900
24.06.2024 00:51:50.249,23.337200000000003,23.3193,900,900
24.06.2024 00:51:50.350,23.337200000000003,23.318900000000003,900,900
24.06.2024 00:51:50.752,23.337200000000003,23.3188,900,900
24.06.2024 00:51:53.384,23.337200000000003,23.3194,900,1800
24.06.2024 00:51:53.589,23.337200000000003,23.3201,900,900
24.06.2024 00:52:00.710,23.337200000000003,23.319,900,900
24.06.2024 00:52:01.314,23.337200000000003,23.3185,900,900
24.06.2024 00:52:03.572,23.337200000000003,23.3179,900,900
24.06.2024 00:52:10.090,23.337400000000002,23.3179,900,900
24.06.2024 00:52:10.195,23.3362,23.3171,900,900
24.06.2024 00:52:14.154,23.3362,23.316200000000002,900,900
24.06.2024 00:52:14.456,23.3347,23.3157,900,900
24.06.2024 00:52:14.757,23.3347,23.315,900,900
24.06.2024 00:52:15.059,23.3334,23.314400000000003,900,900
24.06.2024 00:52:15.361,23.3334,23.313599999999997,900,900
24.06.2024 00:52:15.612,23.3318,23.308500000000002,900,820
24.06.2024 00:52:15.913,23.3318,23.3128,900,900
24.06.2024 00:52:16.215,23.3318,23.3122,900,450
24.06.2024 00:52:44.089,23.329,23.309900000000003,900,1200
24.06.2024 00:52:44.191,23.3305,23.3115,900,900
24.06.2024 00:52:44.292,23.3305,23.3108,900,900
24.06.2024 00:52:46.097,23.3291,23.3101,900,900
24.06.2024 00:52:46.700,23.3291,23.309400000000004,900,900
24.06.2024 00:52:56.221,23.3283,23.3088,900,900
24.06.2024 00:52:56.523,23.3276,23.3088,900,900
24.06.2024 00:52:56.724,23.3276,23.3081,900,900
24.06.2024 00:52:58.127,23.3283,23.3081,900,900
24.06.2024 00:52:58.428,23.3283,23.3095,900,900
24.06.2024 00:52:58.830,23.3292,23.309700000000003,900,900
24.06.2024 00:53:09.156,23.3292,23.3095,900,900
24.06.2024 00:53:27.605,23.3292,23.309,900,900
24.06.2024 00:53:27.705,23.3278,23.309,900,900
24.06.2024 00:53:28.007,23.3278,23.3081,900,900
24.06.2024 00:53:32.065,23.3265,23.3075,900,900
24.06.2024 00:53:37.778,23.327,23.3075,900,900
24.06.2024 00:53:38.980,23.3276,23.3075,900,900
24.06.2024 00:53:42.540,23.3273,23.3075,450,900
24.06.2024 00:53:43.642,23.3276,23.3075,900,900
24.06.2024 00:53:47.049,23.3263,23.3075,900,900
24.06.2024 00:53:47.750,23.3263,23.307000000000002,900,900
24.06.2024 00:53:53.564,23.3272,23.3078,900,900
24.06.2024 00:53:53.865,23.3272,23.308400000000002,900,900
24.06.2024 00:53:54.768,23.328,23.308400000000002,900,900
24.06.2024 00:53:55.471,23.328599999999998,23.308400000000002,1200,900
24.06.2024 00:53:55.671,23.328500000000002,23.308400000000002,900,900
24.06.2024 00:53:55.873,23.328500000000002,23.309099999999997,900,900
24.06.2024 00:53:59.145,23.328500000000002,23.309900000000003,900,900
24.06.2024 00:53:59.246,23.329,23.309900000000003,900,900
24.06.2024 00:54:00.500,23.329,23.309400000000004,900,900
24.06.2024 00:54:01.302,23.3274,23.308400000000002,900,900
24.06.2024 00:54:07.365,23.327900000000003,23.308400000000002,900,900
24.06.2024 00:54:08.018,23.328599999999998,23.308400000000002,900,900
24.06.2024 00:54:08.219,23.328599999999998,23.3098,900,900
24.06.2024 00:54:08.820,23.3292,23.3098,900,900
24.06.2024 00:54:16.034,23.3289,23.3098,900,900
24.06.2024 00:54:16.589,23.3292,23.3098,900,900
24.06.2024 00:54:17.692,23.3298,23.3098,900,900
24.06.2024 00:54:19.197,23.329700000000003,23.3098,900,900
24.06.2024 00:54:19.398,23.3298,23.3098,900,900
24.06.2024 00:54:20.100,23.3298,23.3111,900,900
24.06.2024 00:54:20.502,23.3303,23.3111,900,900
24.06.2024 00:54:48.281,23.3293,23.3111,900,900
24.06.2024 00:54:48.434,23.3293,23.310599999999997,900,900
24.06.2024 00:54:51.289,23.3303,23.310599999999997,900,900
24.06.2024 00:54:51.690,23.330099999999998,23.310599999999997,900,900
24.06.2024 00:54:53.245,23.3293,23.310599999999997,900,900
24.06.2024 00:54:53.349,23.3289,23.31,900,900
24.06.2024 00:54:54.354,23.329400000000003,23.31,900,900
24.06.2024 00:54:54.956,23.330099999999998,23.31,900,900
24.06.2024 00:54:55.057,23.330099999999998,23.3113,900,900
24.06.2024 00:54:59.418,23.330099999999998,23.3105,900,900
24.06.2024 00:55:00.422,23.331,23.312099999999997,900,900
24.06.2024 00:55:00.523,23.331,23.3112,900,900
24.06.2024 00:55:00.724,23.3298,23.3112,900,900
24.06.2024 00:55:01.126,23.3298,23.3119,900,450
24.06.2024 00:55:02.029,23.3298,23.3116,900,450
24.06.2024 00:55:02.331,23.3306,23.3116,900,450
24.06.2024 00:55:03.033,23.3306,23.3112,900,450
24.06.2024 00:55:08.971,23.329400000000003,23.3112,450,450
24.06.2024 00:55:12.079,23.3306,23.3112,900,450
24.06.2024 00:55:15.041,23.330099999999998,23.3112,450,900
24.06.2024 00:55:15.141,23.3306,23.3113,900,450
24.06.2024 00:55:15.343,23.3306,23.3126,900,450
24.06.2024 00:55:15.443,23.331,23.3126,900,450
24.06.2024 00:55:16.248,23.331200000000003,23.3126,450,450
24.06.2024 00:55:17.652,23.331200000000003,23.3125,900,900
24.06.2024 00:55:17.854,23.331200000000003,23.311799999999998,900,900
24.06.2024 00:55:18.055,23.3302,23.3115,900,450
24.06.2024 00:55:21.315,23.3307,23.3115,900,450
24.06.2024 00:55:34.240,23.331200000000003,23.3115,900,1800
24.06.2024 00:55:42.010,23.331200000000003,23.3125,900,450
24.06.2024 00:55:42.314,23.3318,23.312900000000003,900,900
24.06.2024 00:55:46.682,23.3311,23.3125,450,450
24.06.2024 00:55:49.391,23.3318,23.3125,900,900
24.06.2024 00:55:52.147,23.3318,23.3124,900,450
24.06.2024 00:55:52.449,23.3311,23.3124,450,450
24.06.2024 00:55:57.764,23.3318,23.3124,900,450
24.06.2024 00:56:01.724,23.3323,23.3124,900,450
24.06.2024 00:56:01.925,23.3323,23.312900000000003,900,900
24.06.2024 00:56:05.485,23.3323,23.3137,900,900
24.06.2024 00:56:05.786,23.3323,23.3138,900,900
24.06.2024 00:56:08.643,23.3323,23.3137,900,900
24.06.2024 00:56:10.298,23.332900000000002,23.3137,900,900
24.06.2024 00:56:23.361,23.332900000000002,23.3139,900,900
24.06.2024 00:56:23.862,23.332900000000002,23.3137,900,900
24.06.2024 00:56:24.565,23.332900000000002,23.314,900,450
24.06.2024 00:56:24.666,23.332900000000002,23.3137,900,900
24.06.2024 00:56:35.946,23.3326,23.3137,900,900
24.06.2024 00:56:36.148,23.3326,23.313299999999998,900,900
24.06.2024 00:56:37.353,23.331599999999998,23.3131,900,900
24.06.2024 00:56:42.366,23.331599999999998,23.3127,900,900
24.06.2024 00:56:43.370,23.331599999999998,23.3122,900,900
24.06.2024 00:56:44.172,23.331599999999998,23.312099999999997,900,900
24.06.2024 00:57:03.216,23.3319,23.3116,450,450
24.06.2024 00:57:03.317,23.331400000000002,23.3125,900,900
24.06.2024 00:57:05.471,23.3308,23.3125,900,900
24.06.2024 00:57:05.772,23.3308,23.312,900,900
24.06.2024 00:57:31.646,23.331,23.312,900,900
24.06.2024 00:57:35.605,23.3307,23.311700000000002,900,450
24.06.2024 00:57:36.106,23.3308,23.3119,900,900
24.06.2024 00:57:36.306,23.331,23.3119,900,900
24.06.2024 00:57:41.718,23.3308,23.3119,900,900
24.06.2024 00:57:53.946,23.3311,23.3119,900,900
24.06.2024 00:57:54.554,23.3308,23.3119,900,900
24.06.2024 00:58:13.703,23.3313,23.3119,900,900
24.06.2024 00:58:16.661,23.3313,23.3123,900,900
24.06.2024 00:58:17.065,23.3317,23.3123,450,900
24.06.2024 00:58:17.867,23.3318,23.3123,900,900
24.06.2024 00:58:18.068,23.3318,23.313299999999998,900,900
24.06.2024 00:58:18.469,23.3326,23.313299999999998,900,900
24.06.2024 00:58:31.096,23.3326,23.313200000000002,900,450
24.06.2024 00:58:38.516,23.333000000000002,23.313200000000002,450,450
24.06.2024 00:58:41.420,23.3322,23.313299999999998,900,900
24.06.2024 00:58:58.896,23.332900000000002,23.3131,900,900
24.06.2024 00:58:59.097,23.3308,23.3131,900,900
24.06.2024 00:59:00.502,23.3322,23.3134,900,900
24.06.2024 00:59:18.197,23.3322,23.3139,900,900
24.06.2024 00:59:18.248,23.332900000000002,23.3139,900,900
24.06.2024 00:59:20.603,23.332900000000002,23.3146,900,450
24.06.2024 00:59:20.704,23.332900000000002,23.314,900,900
24.06.2024 00:59:28.347,23.332900000000002,23.3143,900,900
24.06.2024 00:59:28.448,23.333099999999998,23.314,900,900
24.06.2024 00:59:29.951,23.333099999999998,23.3141,900,450
24.06.2024 00:59:30.152,23.333099999999998,23.314,900,1800
24.06.2024 00:59:30.253,23.3335,23.314,900,1800
24.06.2024 00:59:30.354,23.3335,23.315099999999997,900,900
24.06.2024 00:59:30.605,23.334,23.315099999999997,900,900
24.06.2024 00:59:30.806,23.3341,23.3156,900,900
24.06.2024 00:59:30.907,23.3347,23.3156,450,900
24.06.2024 00:59:31.310,23.3347,23.3158,450,1800
24.06.2024 00:59:31.561,23.3347,23.3163,450,1800
24.06.2024 00:59:31.712,23.3347,23.3172,450,900
24.06.2024 00:59:32.214,23.3347,23.3175,450,450
24.06.2024 00:59:32.315,23.336000000000002,23.3175,450,450
24.06.2024 00:59:32.415,23.336000000000002,23.3179,450,1800
24.06.2024 00:59:32.618,23.336000000000002,23.3186,450,900
24.06.2024 00:59:33.923,23.336000000000002,23.3187,450,900
24.06.2024 00:59:34.225,23.3379,23.3187,450,900
24.06.2024 00:59:34.426,23.3379,23.3186,450,900
24.06.2024 00:59:34.827,23.3379,23.3187,450,900
24.06.2024 00:59:34.928,23.3379,23.3186,450,900
24.06.2024 00:59:35.029,23.3381,23.3186,900,900
24.06.2024 00:59:48.779,23.3381,23.3182,900,900
24.06.2024 00:59:48.980,23.3381,23.318099999999998,900,900
24.06.2024 00:59:49.985,23.336900000000004,23.318099999999998,900,900
24.06.2024 00:59:53.447,23.337500000000002,23.318099999999998,900,900
24.06.2024 01:00:00.269,23.3373,23.318099999999998,900,900
24.06.2024 01:00:00.570,23.3363,23.3175,900,900
24.06.2024 01:00:00.771,23.335700000000003,23.3164,900,900
24.06.2024 01:00:01.074,23.3349,23.3164,900,900
24.06.2024 01:00:01.276,23.3349,23.3158,900,900
24.06.2024 01:00:02.581,23.3349,23.3176,900,900
24.06.2024 01:00:02.682,23.335700000000003,23.318,900,900
24.06.2024 01:00:02.782,23.3367,23.318,900,900
24.06.2024 01:00:02.883,23.3367,23.319200000000002,900,900
24.06.2024 01:00:02.984,23.337400000000002,23.3199,900,900
24.06.2024 01:00:03.186,23.3425,23.3203,820,900
24.06.2024 01:00:03.387,23.3391,23.3203,900,900
24.06.2024 01:00:04.341,23.3391,23.3198,900,900
24.06.2024 01:00:04.944,23.3391,23.3193,900,900
24.06.2024 01:00:05.319,23.337400000000002,23.3185,900,900
24.06.2024 01:00:05.521,23.337400000000002,23.317700000000002,900,900
24.06.2024 01:00:06.174,23.336000000000002,23.3172,900,900
24.06.2024 01:00:06.677,23.336000000000002,23.3165,900,900
24.06.2024 01:00:07.178,23.336000000000002,23.3164,900,900
24.06.2024 01:00:07.981,23.334500000000002,23.3156,900,900
24.06.2024 01:00:08.884,23.334500000000002,23.3171,900,900
24.06.2024 01:00:08.985,23.335700000000003,23.3171,900,900
24.06.2024 01:00:09.086,23.3362,23.3171,900,900
24.06.2024 01:00:09.387,23.3373,23.3184,900,900
24.06.2024 01:00:10.392,23.3378,23.3184,900,900
24.06.2024 01:00:13.953,23.3383,23.3184,900,900
24.06.2024 01:00:19.868,23.3383,23.3198,900,900
24.06.2024 01:00:20.971,23.3383,23.3193,900,900
24.06.2024 01:00:21.473,23.3383,23.319200000000002,900,900
24.06.2024 01:00:28.344,23.3388,23.319200000000002,900,900
24.06.2024 01:00:31.403,23.3388,23.3195,900,900
24.06.2024 01:00:33.716,23.3393,23.3205,900,900
24.06.2024 01:00:34.318,23.3393,23.32,900,900
24.06.2024 01:00:34.419,23.3393,23.3199,900,900
24.06.2024 01:00:35.173,23.3385,23.319200000000002,900,900
24.06.2024 01:00:36.076,23.3392,23.319200000000002,900,900
24.06.2024 01:00:37.983,23.338,23.319200000000002,900,900
24.06.2024 01:00:38.585,23.3385,23.319200000000002,900,900
24.06.2024 01:00:38.990,23.3393,23.3205,900,900
24.06.2024 01:00:39.793,23.3398,23.3205,900,900
24.06.2024 01:00:52.473,23.3398,23.32,900,900
24.06.2024 01:01:03.123,23.3392,23.32,900,900
24.06.2024 01:01:04.781,23.3385,23.32,900,900
24.06.2024 01:01:04.935,23.3385,23.3195,900,900
24.06.2024 01:01:06.488,23.3385,23.319,900,900
24.06.2024 01:01:17.963,23.339000000000002,23.319,900,900
24.06.2024 01:01:27.088,23.3365,23.3179,900,900
24.06.2024 01:01:27.189,23.3383,23.3195,900,900
24.06.2024 01:01:27.691,23.3388,23.3195,900,900
24.06.2024 01:01:28.646,23.3394,23.3195,900,900
24.06.2024 01:01:28.747,23.339900000000004,23.321099999999998,900,900
24.06.2024 01:01:30.052,23.339900000000004,23.320400000000003,900,900
24.06.2024 01:01:46.864,23.3385,23.3197,900,900
24.06.2024 01:01:50.322,23.337400000000002,23.3191,900,900
24.06.2024 01:01:50.423,23.3379,23.3191,900,900
24.06.2024 01:01:50.524,23.3379,23.3184,900,1200
24.06.2024 01:01:51.977,23.3379,23.3187,900,900
24.06.2024 01:01:53.782,23.3379,23.3186,900,900
24.06.2024 01:01:53.883,23.3379,23.3185,900,900
24.06.2024 01:01:56.238,23.3379,23.3187,900,900
24.06.2024 01:01:56.338,23.3379,23.3185,900,900
24.06.2024 01:02:02.753,23.338400000000004,23.319599999999998,900,900
24.06.2024 01:02:02.954,23.338,23.319599999999998,450,900
24.06.2024 01:02:03.054,23.338,23.319,450,900
24.06.2024 01:02:04.258,23.3371,23.3184,900,900
24.06.2024 01:02:04.460,23.3366,23.318,900,450
24.06.2024 01:02:04.661,23.3356,23.318,900,450
24.06.2024 01:02:05.063,23.3356,23.3175,900,450
24.06.2024 01:02:06.378,23.3356,23.3167,900,900
24.06.2024 01:02:06.683,23.3362,23.3167,900,900
24.06.2024 01:02:07.436,23.3362,23.3179,900,900
24.06.2024 01:02:07.537,23.3371,23.3183,900,900
24.06.2024 01:02:09.443,23.338,23.3183,900,900
24.06.2024 01:02:09.543,23.338,23.319599999999998,900,900
24.06.2024 01:02:09.645,23.338,23.3191,900,900
24.06.2024 01:02:11.600,23.338,23.3186,900,900
24.06.2024 01:02:13.505,23.338,23.3194,900,900
24.06.2024 01:02:15.562,23.338,23.3185,900,900
24.06.2024 01:02:16.866,23.338,23.3194,900,900
24.06.2024 01:02:17.970,23.338,23.3197,900,450
24.06.2024 01:02:18.121,23.338,23.3198,900,900
24.06.2024 01:02:20.027,23.338,23.3187,900,900
24.06.2024 01:02:25.589,23.3385,23.319599999999998,900,900
24.06.2024 01:02:29.547,23.338700000000003,23.3185,450,900
24.06.2024 01:02:29.648,23.3385,23.3193,900,900
24.06.2024 01:02:29.849,23.3382,23.319200000000002,900,450
24.06.2024 01:02:31.705,23.3382,23.3187,900,900
24.06.2024 01:02:54.134,23.338,23.3187,900,900
24.06.2024 01:02:56.342,23.3356,23.3179,900,900
24.06.2024 01:02:56.443,23.3382,23.3185,900,450
24.06.2024 01:02:56.544,23.3378,23.319,900,900
24.06.2024 01:02:57.046,23.3383,23.319,900,900
24.06.2024 01:03:01.306,23.3379,23.319,900,900
24.06.2024 01:03:01.408,23.3381,23.319,450,900
24.06.2024 01:03:01.810,23.3379,23.319,900,900
24.06.2024 01:03:01.960,23.3381,23.319,450,900
