Gmt time,Ask,Bid,AskVolume,BidVolume
24.06.2024 00:00:02.336,7.804910000000001,7.8044899999999995,1080,1080
24.06.2024 00:00:03.691,7.804960000000001,7.8044899999999995,1080,1080
24.06.2024 00:00:04.844,7.80494,7.804480000000001,1080,1080
24.06.2024 00:00:07.553,7.804950000000001,7.8044899999999995,1080,1080
24.06.2024 00:00:08.855,7.80494,7.804480000000001,1080,1080
24.06.2024 00:00:10.210,7.80494,7.8044899999999995,1080,900
24.06.2024 00:00:11.814,7.80497,7.804560000000001,1080,1080
24.06.2024 00:00:14.127,7.80497,7.80457,1080,1080
24.06.2024 00:00:23.147,7.80497,7.804510000000001,1080,1080
24.06.2024 00:00:23.248,7.804960000000001,7.804510000000001,900,1080
24.06.2024 00:00:23.350,7.80497,7.804510000000001,1980,1080
24.06.2024 00:00:24.355,7.80492,7.80452,1080,1080
24.06.2024 00:00:32.648,7.80494,7.804460000000001,1080,1980
24.06.2024 00:00:34.956,7.80492,7.80452,1080,1080
24.06.2024 00:00:37.464,7.80494,7.804460000000001,1080,900
24.06.2024 00:00:38.669,7.804930000000001,7.804460000000001,1080,900
24.06.2024 00:00:40.523,7.804930000000001,7.80445,1080,1980
24.06.2024 00:00:41.828,7.80492,7.80452,1080,1080
24.06.2024 00:00:50.197,7.804950000000001,7.80447,1080,1080
24.06.2024 00:00:51.356,7.804930000000001,7.80445,1080,900
24.06.2024 00:00:54.417,7.80494,7.804460000000001,1080,1080
24.06.2024 00:00:55.621,7.804910000000001,7.80445,1080,900
24.06.2024 00:00:59.582,7.804930000000001,7.80445,1080,2250
24.06.2024 00:01:02.411,7.804910000000001,7.804530000000001,1080,1350
24.06.2024 00:01:03.516,7.804889999999999,7.80445,1080,900
24.06.2024 00:01:04.570,7.804960000000001,7.80445,1080,1980
24.06.2024 00:01:06.076,7.804910000000001,7.804530000000001,1080,1080
24.06.2024 00:01:07.230,7.80492,7.80445,1080,900
24.06.2024 00:01:08.287,7.804910000000001,7.804530000000001,1080,1080
24.06.2024 00:01:09.440,7.8049,7.80445,1080,900
24.06.2024 00:01:13.104,7.804960000000001,7.80444,1980,1080
24.06.2024 00:01:13.255,7.804960000000001,7.80445,1080,900
24.06.2024 00:01:14.160,7.80494,7.80445,1080,900
24.06.2024 00:01:15.165,7.804930000000001,7.80445,1080,900
24.06.2024 00:01:16.370,7.804950000000001,7.80445,1080,900
24.06.2024 00:01:17.526,7.804910000000001,7.804530000000001,1080,1080
24.06.2024 00:01:30.110,7.804950000000001,7.80445,1080,1080
24.06.2024 00:01:31.114,7.804910000000001,7.804530000000001,1080,1080
24.06.2024 00:01:34.023,7.80494,7.804430000000001,1080,900
24.06.2024 00:01:35.227,7.804910000000001,7.80444,1080,1350
24.06.2024 00:01:36.553,7.80492,7.80445,1080,1080
24.06.2024 00:01:39.513,7.80487,7.804430000000001,1080,900
24.06.2024 00:01:42.020,7.804880000000001,7.804430000000001,1080,900
24.06.2024 00:01:43.074,7.804910000000001,7.804430000000001,1080,1980
24.06.2024 00:01:47.391,7.80492,7.80444,1080,1080
24.06.2024 00:01:50.699,7.80494,7.80444,1080,1080
24.06.2024 00:01:52.154,7.804950000000001,7.80445,1980,1080
24.06.2024 00:01:53.810,7.8049,7.80444,1080,900
24.06.2024 00:01:56.018,7.804910000000001,7.804460000000001,1080,1080
24.06.2024 00:01:57.120,7.804880000000001,7.80444,1080,1980
24.06.2024 00:01:59.276,7.80492,7.804460000000001,1080,1080
24.06.2024 00:02:00.379,7.804910000000001,7.804460000000001,1080,1080
24.06.2024 00:02:01.633,7.80492,7.80447,1080,1080
24.06.2024 00:02:03.189,7.804910000000001,7.80444,1080,900
24.06.2024 00:02:05.897,7.804880000000001,7.804530000000001,1080,1080
24.06.2024 00:02:09.205,7.804880000000001,7.80444,1080,900
24.06.2024 00:02:10.910,7.80487,7.80444,1080,900
24.06.2024 00:02:14.704,7.8049,7.80445,1080,1080
24.06.2024 00:02:19.117,7.804889999999999,7.80445,1080,1080
24.06.2024 00:02:20.523,7.804880000000001,7.804530000000001,1080,1080
24.06.2024 00:02:21.528,7.804889999999999,7.80445,1080,1080
24.06.2024 00:02:22.533,7.804889999999999,7.80444,1080,1980
24.06.2024 00:02:25.690,7.804910000000001,7.80445,1080,1080
24.06.2024 00:02:28.997,7.8049,7.80445,1080,1080
24.06.2024 00:02:32.355,7.804880000000001,7.80444,1080,900
24.06.2024 00:02:36.965,7.80487,7.80444,1080,900
24.06.2024 00:02:40.774,7.804880000000001,7.80444,1080,1980
24.06.2024 00:02:45.056,7.804880000000001,7.804530000000001,1080,1080
24.06.2024 00:03:33.298,7.80494,7.80445,1080,900
24.06.2024 00:03:35.003,7.80492,7.80445,1080,900
24.06.2024 00:03:38.312,7.804880000000001,7.804530000000001,1080,1080
24.06.2024 00:03:45.979,7.8049,7.80445,1080,900
24.06.2024 00:03:48.184,7.804860000000001,7.80445,1080,900
24.06.2024 00:03:49.237,7.804860000000001,7.804480000000001,1080,900
24.06.2024 00:03:50.392,7.80494,7.804480000000001,1080,900
24.06.2024 00:03:51.494,7.8049,7.804480000000001,1080,900
24.06.2024 00:03:52.597,7.80492,7.804480000000001,1080,900
24.06.2024 00:03:54.302,7.80492,7.8044899999999995,1080,900
24.06.2024 00:03:56.058,7.804880000000001,7.804530000000001,1080,1080
24.06.2024 00:04:08.016,7.804930000000001,7.804480000000001,1080,900
24.06.2024 00:04:09.118,7.804880000000001,7.804530000000001,1080,1080
24.06.2024 00:04:20.100,7.80492,7.804480000000001,1080,900
24.06.2024 00:04:22.306,7.804930000000001,7.804480000000001,1080,900
24.06.2024 00:04:23.410,7.804880000000001,7.804530000000001,1080,1080
24.06.2024 00:04:25.619,7.80494,7.804480000000001,1080,900
24.06.2024 00:04:26.722,7.804880000000001,7.804530000000001,1080,1080
24.06.2024 00:04:28.878,7.804930000000001,7.804480000000001,1080,900
24.06.2024 00:04:29.982,7.80492,7.804480000000001,1080,900
24.06.2024 00:04:32.187,7.804910000000001,7.804480000000001,1080,900
24.06.2024 00:04:32.489,7.804910000000001,7.80447,1080,900
24.06.2024 00:04:33.292,7.80492,7.80447,1080,900
24.06.2024 00:04:35.097,7.804930000000001,7.80447,1080,900
24.06.2024 00:04:36.602,7.804910000000001,7.80447,1080,900
24.06.2024 00:04:38.784,7.8049,7.80447,1080,900
24.06.2024 00:04:39.889,7.804910000000001,7.80447,1080,900
24.06.2024 00:04:42.850,7.804910000000001,7.80445,1080,900
24.06.2024 00:04:42.951,7.804910000000001,7.80444,1080,900
24.06.2024 00:04:43.103,7.804910000000001,7.80442,1080,900
24.06.2024 00:04:43.154,7.804760000000001,7.804410000000001,1080,1080
24.06.2024 00:04:43.760,7.80469,7.80434,1080,1080
24.06.2024 00:04:46.420,7.80475,7.80424,1080,900
24.06.2024 00:04:46.521,7.80475,7.804260000000001,1080,900
24.06.2024 00:04:48.675,7.80469,7.80434,1080,1080
24.06.2024 00:04:49.728,7.804760000000001,7.80424,1080,1980
24.06.2024 00:04:51.684,7.80469,7.80434,1080,1080
24.06.2024 00:04:53.088,7.804760000000001,7.80424,1080,1980
24.06.2024 00:04:55.292,7.80469,7.80434,1080,1080
24.06.2024 00:04:56.345,7.804760000000001,7.80424,1080,1980
24.06.2024 00:04:58.601,7.80469,7.80434,1080,1080
24.06.2024 00:04:59.703,7.804760000000001,7.80424,1080,1980
24.06.2024 00:05:01.709,7.80469,7.80434,1080,1080
24.06.2024 00:05:02.715,7.804760000000001,7.80424,1080,1980
24.06.2024 00:05:04.821,7.80469,7.80434,1080,1080
24.06.2024 00:05:07.627,7.80474,7.80424,1350,900
24.06.2024 00:05:12.740,7.804730000000001,7.80424,1080,900
24.06.2024 00:05:13.743,7.80469,7.80434,1080,1080
24.06.2024 00:05:14.896,7.804730000000001,7.80427,1080,900
24.06.2024 00:05:17.454,7.80469,7.80434,1080,1080
24.06.2024 00:05:27.428,7.80463,7.80427,1080,1080
24.06.2024 00:05:33.045,7.80468,7.80422,1080,900
24.06.2024 00:05:33.746,7.80468,7.80424,1080,900
24.06.2024 00:05:34.748,7.80467,7.80422,1080,900
24.06.2024 00:05:39.358,7.80463,7.80427,1080,1080
24.06.2024 00:05:42.266,7.80469,7.80424,1080,900
24.06.2024 00:05:43.723,7.80463,7.80427,1080,1080
24.06.2024 00:06:44.644,7.8048,7.80424,900,900
24.06.2024 00:06:51.879,7.804810000000001,7.80424,900,900
24.06.2024 00:07:04.609,7.80479,7.8042300000000004,900,900
24.06.2024 00:07:29.172,7.804810000000001,7.80422,900,900
24.06.2024 00:07:29.223,7.80463,7.80428,1080,1080
24.06.2024 00:07:33.689,7.80467,7.804310000000001,1080,1080
24.06.2024 00:08:42.133,7.80485,7.80424,900,900
24.06.2024 00:09:29.238,7.804860000000001,7.80428,900,900
24.06.2024 00:09:29.439,7.804889999999999,7.80427,1020,900
24.06.2024 00:09:29.740,7.804880000000001,7.80429,990,900
24.06.2024 00:09:30.742,7.80468,7.80432,1080,1080
24.06.2024 00:09:50.190,7.80468,7.80435,1080,900
24.06.2024 00:10:01.331,7.80468,7.80434,1080,900
24.06.2024 00:10:02.136,7.80468,7.80435,1080,900
24.06.2024 00:10:12.153,7.80468,7.80434,1080,900
24.06.2024 00:10:20.289,7.80468,7.80432,1080,1080
24.06.2024 00:10:30.866,7.804830000000001,7.80424,900,900
24.06.2024 00:11:14.560,7.80482,7.80424,900,900
24.06.2024 00:12:16.394,7.80482,7.804260000000001,900,900
24.06.2024 00:12:31.883,7.80469,7.804330000000001,1080,1080
24.06.2024 00:13:32.218,7.804810000000001,7.804210000000001,900,900
24.06.2024 00:15:34.863,7.804760000000001,7.80417,900,900
24.06.2024 00:15:34.964,7.804760000000001,7.804180000000001,900,900
24.06.2024 00:15:55.614,7.80474,7.804180000000001,1080,1980
24.06.2024 00:15:57.870,7.804730000000001,7.80422,1080,1350
24.06.2024 00:16:03.434,7.80469,7.804330000000001,1080,1080
24.06.2024 00:16:09.998,7.80475,7.8042300000000004,1980,1080
24.06.2024 00:16:33.053,7.80475,7.80424,1980,1080
24.06.2024 00:16:34.658,7.80475,7.8042300000000004,1980,1080
24.06.2024 00:16:41.333,7.80475,7.80422,1980,1080
24.06.2024 00:16:42.540,7.80469,7.804330000000001,1080,1080
24.06.2024 00:16:47.648,7.80475,7.80424,900,1080
24.06.2024 00:16:52.758,7.80469,7.804330000000001,1080,1080
24.06.2024 00:16:54.664,7.80475,7.8042300000000004,1980,1080
24.06.2024 00:16:56.669,7.804730000000001,7.80422,1080,1080
24.06.2024 00:17:05.387,7.80475,7.80424,900,1080
24.06.2024 00:17:10.547,7.80469,7.804330000000001,1080,1080
24.06.2024 00:18:02.919,7.80474,7.804250000000001,1080,1080
24.06.2024 00:18:02.970,7.80474,7.80422,1080,1080
24.06.2024 00:18:09.944,7.80469,7.804330000000001,1080,1080
24.06.2024 00:18:25.098,7.80475,7.8042300000000004,1980,1080
24.06.2024 00:18:29.710,7.80475,7.80422,1980,1080
24.06.2024 00:18:34.722,7.80475,7.80424,900,1080
24.06.2024 00:18:39.735,7.804710000000001,7.80419,1080,1980
24.06.2024 00:18:41.239,7.80469,7.804330000000001,1080,1350
24.06.2024 00:18:45.148,7.80475,7.8042300000000004,1980,1080
24.06.2024 00:19:00.132,7.80469,7.804330000000001,1080,1080
24.06.2024 00:19:05.514,7.80475,7.80424,900,1080
24.06.2024 00:19:10.527,7.80469,7.804330000000001,1080,1080
24.06.2024 00:19:26.820,7.804710000000001,7.80422,1080,900
24.06.2024 00:19:30.430,7.804710000000001,7.804210000000001,1080,2250
24.06.2024 00:19:41.557,7.8047,7.804210000000001,1080,900
24.06.2024 00:19:46.822,7.804730000000001,7.8042300000000004,1080,1080
24.06.2024 00:19:50.458,7.80468,7.804210000000001,1080,900
24.06.2024 00:19:50.759,7.8045800000000005,7.804180000000001,900,1080
24.06.2024 00:19:50.860,7.804539999999999,7.804180000000001,900,1080
24.06.2024 00:19:50.962,7.80452,7.804180000000001,900,1080
24.06.2024 00:19:51.113,7.8045,7.8040899999999995,1080,1980
24.06.2024 00:19:52.466,7.804510000000001,7.804160000000001,1080,1080
24.06.2024 00:19:56.125,7.8045,7.8040899999999995,1080,900
24.06.2024 00:19:57.880,7.80445,7.804080000000001,900,2250
24.06.2024 00:19:57.932,7.80447,7.804080000000001,900,1350
24.06.2024 00:19:57.983,7.80442,7.804080000000001,900,1350
24.06.2024 00:19:58.034,7.8044,7.803980000000001,1080,1980
24.06.2024 00:19:59.338,7.804410000000001,7.803980000000001,1980,900
24.06.2024 00:19:59.489,7.80439,7.8039700000000005,900,1080
24.06.2024 00:19:59.591,7.804250000000001,7.803850000000001,1350,1350
24.06.2024 00:19:59.894,7.8041,7.80375,1080,1080
24.06.2024 00:20:06.818,7.804080000000001,7.803730000000001,1080,1080
24.06.2024 00:20:08.524,7.80419,7.80364,900,1080
24.06.2024 00:20:10.329,7.80422,7.80364,900,1980
24.06.2024 00:20:10.431,7.8042300000000004,7.803680000000001,1080,900
24.06.2024 00:20:11.937,7.80417,7.80382,1080,1080
24.06.2024 00:20:14.845,7.80419,7.80384,1080,1080
24.06.2024 00:20:18.757,7.804310000000001,7.803760000000001,900,1080
24.06.2024 00:20:20.412,7.804330000000001,7.803760000000001,1350,1080
24.06.2024 00:20:20.513,7.804330000000001,7.803780000000001,1350,900
24.06.2024 00:20:20.665,7.804330000000001,7.803800000000001,1350,900
24.06.2024 00:20:21.469,7.80428,7.80393,1080,1080
24.06.2024 00:20:25.231,7.8043700000000005,7.803800000000001,1980,1980
24.06.2024 00:20:31.348,7.8043700000000005,7.80382,1980,900
24.06.2024 00:20:32.602,7.8043700000000005,7.80387,900,1080
24.06.2024 00:20:38.968,7.80439,7.80387,1080,1980
24.06.2024 00:20:39.069,7.80439,7.8039000000000005,1080,900
24.06.2024 00:20:40.375,7.8043700000000005,7.803980000000001,1080,1080
24.06.2024 00:20:41.730,7.804360000000001,7.804010000000001,1080,1080
24.06.2024 00:20:45.429,7.8044,7.804010000000001,1080,1080
24.06.2024 00:21:11.799,7.80439,7.80404,1080,1080
24.06.2024 00:21:17.712,7.80447,7.8041100000000005,1080,1080
24.06.2024 00:21:18.719,7.80452,7.80395,1080,1080
24.06.2024 00:21:18.921,7.8045,7.80395,900,1080
24.06.2024 00:21:19.072,7.80452,7.80395,1080,1080
24.06.2024 00:21:19.876,7.804539999999999,7.80388,900,1080
24.06.2024 00:21:23.986,7.80457,7.8039000000000005,900,1080
24.06.2024 00:21:33.203,7.80457,7.80395,2250,1080
24.06.2024 00:21:34.908,7.804530000000001,7.80395,1080,1080
24.06.2024 00:21:35.009,7.804530000000001,7.803960000000001,1080,900
24.06.2024 00:21:35.110,7.804530000000001,7.80395,1080,1080
24.06.2024 00:21:35.613,7.804510000000001,7.80395,900,1080
24.06.2024 00:21:35.914,7.804480000000001,7.80395,900,1080
24.06.2024 00:21:36.015,7.80444,7.80393,900,1080
24.06.2024 00:21:36.156,7.804410000000001,7.80393,900,1080
24.06.2024 00:21:37.112,7.804410000000001,7.80387,900,1350
24.06.2024 00:21:37.865,7.80439,7.80387,900,1350
24.06.2024 00:21:38.167,7.804380000000001,7.80389,900,1080
24.06.2024 00:21:40.521,7.8043700000000005,7.80387,900,1350
24.06.2024 00:21:42.125,7.804380000000001,7.80387,1080,1080
24.06.2024 00:21:43.632,7.8045800000000005,7.80382,1200,1080
24.06.2024 00:21:44.084,7.8045800000000005,7.80382,1170,1080
24.06.2024 00:21:47.846,7.804460000000001,7.80388,1350,1080
24.06.2024 00:21:49.349,7.804460000000001,7.8039000000000005,1080,1080
24.06.2024 00:21:50.703,7.80445,7.80388,1080,1080
24.06.2024 00:21:52.207,7.804460000000001,7.8039000000000005,1080,1080
24.06.2024 00:21:53.960,7.80445,7.80388,1080,1080
24.06.2024 00:21:55.215,7.80445,7.80389,1080,1080
24.06.2024 00:21:56.819,7.804460000000001,7.80389,1080,1080
24.06.2024 00:22:00.127,7.804460000000001,7.80392,1080,1080
24.06.2024 00:22:00.228,7.80442,7.80392,900,1080
24.06.2024 00:22:00.379,7.804410000000001,7.80392,900,1080
24.06.2024 00:22:00.480,7.80444,7.80392,900,1080
24.06.2024 00:22:00.933,7.804460000000001,7.80392,1080,1080
24.06.2024 00:22:01.285,7.8044899999999995,7.8039000000000005,1080,1080
24.06.2024 00:22:02.440,7.8044899999999995,7.803910000000001,1080,1350
24.06.2024 00:22:03.844,7.804480000000001,7.80389,1350,1080
24.06.2024 00:22:05.198,7.80452,7.80392,1080,1080
24.06.2024 00:22:06.702,7.804550000000001,7.80389,900,1080
24.06.2024 00:22:06.753,7.80459,7.80389,900,1080
24.06.2024 00:22:07.255,7.804550000000001,7.80389,900,1080
24.06.2024 00:22:07.406,7.804560000000001,7.80389,900,1080
24.06.2024 00:22:07.757,7.804550000000001,7.80389,900,1080
24.06.2024 00:22:08.009,7.804560000000001,7.80389,900,1080
24.06.2024 00:22:10.365,7.804539999999999,7.80389,900,1080
24.06.2024 00:22:10.466,7.804560000000001,7.803910000000001,900,900
24.06.2024 00:22:10.568,7.804539999999999,7.80392,900,900
24.06.2024 00:22:10.669,7.804430000000001,7.80389,1080,1080
24.06.2024 00:22:11.673,7.804410000000001,7.80388,1080,1080
24.06.2024 00:22:11.976,7.80439,7.80388,900,1080
24.06.2024 00:22:12.278,7.80435,7.80388,900,1080
24.06.2024 00:22:12.831,7.804330000000001,7.803860000000001,1080,1080
24.06.2024 00:22:13.988,7.804360000000001,7.8039000000000005,900,1080
24.06.2024 00:22:15.143,7.80432,7.803850000000001,1080,1080
24.06.2024 00:22:16.149,7.80435,7.8039700000000005,1080,1080
24.06.2024 00:22:17.155,7.80439,7.803850000000001,1080,1980
24.06.2024 00:22:18.914,7.80442,7.803850000000001,1080,900
24.06.2024 00:22:22.103,7.804460000000001,7.803850000000001,900,900
24.06.2024 00:22:25.712,7.80444,7.803860000000001,1080,1080
24.06.2024 00:22:26.767,7.8044,7.803850000000001,1080,900
24.06.2024 00:22:29.426,7.8044,7.803860000000001,1080,900
24.06.2024 00:22:29.728,7.804380000000001,7.803850000000001,900,900
24.06.2024 00:22:29.934,7.804360000000001,7.80384,900,900
24.06.2024 00:22:30.035,7.804360000000001,7.80387,900,1080
24.06.2024 00:22:30.537,7.80435,7.80387,900,1080
24.06.2024 00:22:30.939,7.804360000000001,7.80387,900,1080
24.06.2024 00:22:31.090,7.80435,7.80387,1080,1350
24.06.2024 00:22:33.194,7.804360000000001,7.80388,1980,1080
24.06.2024 00:22:35.951,7.80435,7.803910000000001,1980,1350
24.06.2024 00:22:36.052,7.80429,7.803910000000001,900,1350
24.06.2024 00:22:36.956,7.80429,7.8038300000000005,900,1350
24.06.2024 00:22:37.007,7.80429,7.803800000000001,900,1080
24.06.2024 00:22:37.359,7.804310000000001,7.803800000000001,1080,1080
24.06.2024 00:22:38.212,7.8043000000000005,7.80379,1080,1350
24.06.2024 00:22:44.027,7.80422,7.80384,1350,1350
24.06.2024 00:22:45.432,7.80427,7.8037,1080,1080
24.06.2024 00:22:46.637,7.8042300000000004,7.80382,1080,1350
24.06.2024 00:22:50.351,7.804150000000001,7.803800000000001,1080,1080
24.06.2024 00:23:07.997,7.8042300000000004,7.80365,1080,1080
24.06.2024 00:23:10.202,7.804200000000001,7.8036200000000004,1080,1080
24.06.2024 00:23:11.505,7.804150000000001,7.803800000000001,1080,1080
24.06.2024 00:23:14.965,7.80417,7.803760000000001,1080,1080
24.06.2024 00:23:22.132,7.804200000000001,7.80379,1080,1080
24.06.2024 00:24:00.458,7.804160000000001,7.803810000000001,1080,1080
24.06.2024 00:25:01.299,7.804260000000001,7.80367,900,900
24.06.2024 00:25:50.555,7.804260000000001,7.803680000000001,900,900
24.06.2024 00:26:48.396,7.804260000000001,7.803760000000001,900,1080
24.06.2024 00:26:49.950,7.804160000000001,7.803810000000001,1080,1080
24.06.2024 00:27:31.745,7.804260000000001,7.80377,900,1080
24.06.2024 00:27:46.080,7.804260000000001,7.803780000000001,900,1080
24.06.2024 00:27:47.184,7.804160000000001,7.803810000000001,1080,1080
24.06.2024 00:28:27.737,7.804260000000001,7.803800000000001,900,1080
24.06.2024 00:28:29.544,7.804160000000001,7.803810000000001,1080,1080
24.06.2024 00:28:44.678,7.804260000000001,7.803810000000001,900,1080
24.06.2024 00:28:45.781,7.804260000000001,7.803800000000001,900,1080
24.06.2024 00:28:50.041,7.804260000000001,7.80379,900,1080
24.06.2024 00:29:00.517,7.804160000000001,7.803810000000001,1080,1080
24.06.2024 00:29:14.549,7.804260000000001,7.803780000000001,1080,1080
24.06.2024 00:29:23.677,7.804260000000001,7.803760000000001,1080,1080
24.06.2024 00:29:24.982,7.804160000000001,7.803810000000001,1080,1080
24.06.2024 00:29:37.714,7.804260000000001,7.803760000000001,1080,1080
24.06.2024 00:29:40.110,7.80427,7.80377,1980,1080
24.06.2024 00:29:45.072,7.804160000000001,7.803810000000001,1080,1080
24.06.2024 00:29:54.496,7.80424,7.803760000000001,1080,1080
24.06.2024 00:30:00.563,7.804160000000001,7.803810000000001,1080,1080
24.06.2024 00:30:02.617,7.80417,7.80382,1080,1080
24.06.2024 00:30:38.359,7.804250000000001,7.80377,900,1080
24.06.2024 00:30:40.064,7.80417,7.80382,1080,1080
24.06.2024 00:30:44.824,7.804160000000001,7.803810000000001,1080,1080
24.06.2024 00:31:04.019,7.804250000000001,7.80379,900,1080
24.06.2024 00:31:20.542,7.804160000000001,7.803810000000001,1080,1080
24.06.2024 00:31:22.949,7.80424,7.80377,1080,1080
24.06.2024 00:31:24.202,7.804250000000001,7.803780000000001,900,1080
24.06.2024 00:31:28.213,7.804250000000001,7.80377,1980,1080
24.06.2024 00:31:57.188,7.804160000000001,7.803810000000001,1080,1080
24.06.2024 00:32:22.805,7.80427,7.80382,900,1080
24.06.2024 00:32:23.257,7.80428,7.80382,900,1080
24.06.2024 00:32:23.608,7.804260000000001,7.80382,900,1080
24.06.2024 00:32:23.810,7.804160000000001,7.803810000000001,1080,1080
24.06.2024 00:32:42.133,7.80417,7.80375,1080,1080
24.06.2024 00:33:26.228,7.804139999999999,7.80379,1080,1080
24.06.2024 00:34:31.941,7.804210000000001,7.80372,900,1020
24.06.2024 00:34:32.092,7.80419,7.80372,900,1020
24.06.2024 00:34:32.493,7.80419,7.80372,900,1020
24.06.2024 00:34:35.598,7.804210000000001,7.80372,900,1020
24.06.2024 00:34:41.560,7.80419,7.803710000000001,900,1020
24.06.2024 00:34:41.912,7.804210000000001,7.803730000000001,900,900
24.06.2024 00:34:42.164,7.804210000000001,7.803730000000001,900,1020
24.06.2024 00:34:42.766,7.804210000000001,7.803730000000001,900,1020
24.06.2024 00:34:51.584,7.804210000000001,7.803730000000001,900,1020
24.06.2024 00:34:51.635,7.804210000000001,7.803760000000001,1980,1080
24.06.2024 00:34:53.189,7.804210000000001,7.803780000000001,900,1080
24.06.2024 00:34:55.243,7.804139999999999,7.80379,1080,1080
24.06.2024 00:34:56.748,7.804210000000001,7.80377,1980,1170
24.06.2024 00:35:16.543,7.804139999999999,7.80379,1080,1080
24.06.2024 00:35:22.466,7.804160000000001,7.803810000000001,1080,1080
24.06.2024 00:36:23.432,7.80419,7.8037399999999995,900,1020
24.06.2024 00:36:31.559,7.80419,7.8037399999999995,900,1020
24.06.2024 00:36:32.113,7.804180000000001,7.8037399999999995,900,1020
24.06.2024 00:36:42.389,7.804180000000001,7.8037399999999995,900,900
24.06.2024 00:36:46.095,7.804200000000001,7.803730000000001,900,1020
24.06.2024 00:36:47.349,7.804200000000001,7.803730000000001,900,1020
24.06.2024 00:37:00.134,7.804200000000001,7.80375,900,1020
24.06.2024 00:37:01.288,7.804210000000001,7.803760000000001,900,1020
24.06.2024 00:37:11.259,7.804200000000001,7.80375,900,1020
24.06.2024 00:37:12.162,7.804200000000001,7.80375,900,900
24.06.2024 00:37:13.416,7.804200000000001,7.80375,900,1020
24.06.2024 00:37:17.024,7.804200000000001,7.80375,900,1020
24.06.2024 00:37:17.275,7.804200000000001,7.80375,900,900
24.06.2024 00:37:21.567,7.804200000000001,7.80375,900,1020
24.06.2024 00:37:22.220,7.804200000000001,7.8037399999999995,900,1020
24.06.2024 00:37:29.489,7.804200000000001,7.8037399999999995,900,1020
24.06.2024 00:37:30.742,7.804200000000001,7.8037399999999995,900,1020
24.06.2024 00:37:32.447,7.804200000000001,7.80375,900,1020
24.06.2024 00:37:40.617,7.804200000000001,7.80375,900,990
24.06.2024 00:37:41.521,7.80422,7.803760000000001,900,900
24.06.2024 00:37:41.873,7.8042300000000004,7.803760000000001,900,900
24.06.2024 00:37:44.980,7.8042300000000004,7.803760000000001,900,1020
24.06.2024 00:37:45.231,7.80422,7.8037399999999995,900,1020
24.06.2024 00:37:45.282,7.80422,7.8037399999999995,900,1020
24.06.2024 00:37:48.088,7.804210000000001,7.8037399999999995,900,1020
24.06.2024 00:37:59.718,7.804210000000001,7.80375,900,1020
24.06.2024 00:38:01.674,7.804210000000001,7.80377,900,900
24.06.2024 00:38:08.090,7.80422,7.80375,900,990
24.06.2024 00:38:08.341,7.80422,7.80375,900,1020
24.06.2024 00:38:10.102,7.80419,7.803760000000001,900,1020
24.06.2024 00:38:10.254,7.804200000000001,7.803760000000001,900,1020
24.06.2024 00:38:20.229,7.804200000000001,7.803760000000001,900,1020
24.06.2024 00:38:28.196,7.804200000000001,7.803760000000001,900,1020
24.06.2024 00:38:32.607,7.804210000000001,7.80379,900,1170
24.06.2024 00:38:34.212,7.804160000000001,7.803810000000001,1350,1080
24.06.2024 00:39:19.522,7.80422,7.803800000000001,900,1080
24.06.2024 00:39:35.608,7.8042300000000004,7.803800000000001,900,1080
24.06.2024 00:39:38.617,7.804160000000001,7.803810000000001,1080,1080
24.06.2024 00:39:44.834,7.8041100000000005,7.80375,1080,1080
24.06.2024 00:39:45.891,7.80412,7.8036200000000004,1080,1170
24.06.2024 00:39:47.096,7.80407,7.80372,1080,1350
24.06.2024 00:39:51.157,7.8040899999999995,7.80357,1980,2099.9999
24.06.2024 00:39:56.824,7.80405,7.8037,1080,1350
24.06.2024 00:39:59.033,7.80407,7.803560000000001,1080,1200
24.06.2024 00:40:00.034,7.8040899999999995,7.80357,1980,1470
24.06.2024 00:40:01.237,7.8040899999999995,7.803610000000001,900,1080
24.06.2024 00:40:02.389,7.8040899999999995,7.80359,1980,1080
24.06.2024 00:40:31.859,7.8041,7.803580000000001,1980,1170
24.06.2024 00:40:34.116,7.8041,7.80359,900,1080
24.06.2024 00:40:48.319,7.8040899999999995,7.80357,1080,1200
24.06.2024 00:40:56.240,7.8041,7.80359,900,1350
24.06.2024 00:40:57.195,7.8041100000000005,7.80359,1080,1350
24.06.2024 00:40:57.396,7.8041,7.80359,900,1350
24.06.2024 00:40:57.547,7.8041,7.8036,900,1080
24.06.2024 00:40:57.697,7.80412,7.8036,1980,1080
24.06.2024 00:40:58.799,7.8041100000000005,7.803580000000001,1080,1080
24.06.2024 00:41:05.613,7.8041100000000005,7.803610000000001,900,1080
24.06.2024 00:41:06.865,7.8041,7.8036,1080,1080
24.06.2024 00:41:14.235,7.804080000000001,7.8037,1080,1080
24.06.2024 00:41:18.944,7.8041,7.8036200000000004,1980,1080
24.06.2024 00:41:22.803,7.8041,7.80359,900,1080
24.06.2024 00:41:26.262,7.8041,7.803580000000001,900,1080
24.06.2024 00:41:27.866,7.8041,7.80359,900,1080
24.06.2024 00:41:46.579,7.804080000000001,7.8037,1080,1080
24.06.2024 00:41:50.491,7.80412,7.8036,900,1080
24.06.2024 00:41:58.157,7.8041,7.80357,1080,1200
24.06.2024 00:42:00.514,7.8040899999999995,7.80357,1080,1200
24.06.2024 00:42:09.683,7.8041,7.80359,900,1080
24.06.2024 00:42:10.988,7.8041,7.8036,900,1080
24.06.2024 00:42:19.995,7.8041100000000005,7.80359,1080,1080
24.06.2024 00:42:21.248,7.8041100000000005,7.803580000000001,1080,1170
24.06.2024 00:42:30.972,7.8040899999999995,7.80357,1080,1200
24.06.2024 00:42:33.479,7.8041,7.80357,1080,1200
24.06.2024 00:42:45.856,7.8041100000000005,7.80359,1080,1080
24.06.2024 00:42:47.113,7.80407,7.80355,1080,1200
24.06.2024 00:42:48.416,7.80407,7.80355,1080,1080
24.06.2024 00:42:55.834,7.8040899999999995,7.80357,1080,1080
24.06.2024 00:42:58.189,7.804080000000001,7.80355,1080,1080
24.06.2024 00:43:00.246,7.804080000000001,7.803560000000001,1080,1080
24.06.2024 00:43:06.512,7.8040899999999995,7.803580000000001,1080,1080
24.06.2024 00:43:07.565,7.8040899999999995,7.80357,1080,1080
24.06.2024 00:43:08.431,7.8040899999999995,7.80357,1080,1200
24.06.2024 00:43:08.683,7.804080000000001,7.8037,1080,1080
24.06.2024 00:43:09.737,7.8040899999999995,7.803580000000001,1080,1200
24.06.2024 00:43:10.990,7.8041,7.8036,900,1170
24.06.2024 00:43:17.156,7.804080000000001,7.80359,900,1200
24.06.2024 00:43:20.718,7.8040899999999995,7.803580000000001,1080,1200
24.06.2024 00:43:26.679,7.8041,7.803580000000001,1080,1200
24.06.2024 00:43:32.590,7.804130000000001,7.8036200000000004,1980,1080
24.06.2024 00:43:33.594,7.8041,7.803580000000001,1080,1200
24.06.2024 00:43:35.449,7.8041100000000005,7.80359,1080,1200
24.06.2024 00:43:50.188,7.804080000000001,7.8037,1080,1080
24.06.2024 00:43:56.653,7.80412,7.8036,1080,1170
24.06.2024 00:43:57.708,7.804130000000001,7.803610000000001,1980,1080
24.06.2024 00:44:10.739,7.804080000000001,7.8037,1080,1080
24.06.2024 00:44:12.200,7.80412,7.8036200000000004,1080,1080
24.06.2024 00:44:19.962,7.80412,7.803610000000001,1080,1080
24.06.2024 00:44:24.625,7.8041100000000005,7.80359,1080,1080
24.06.2024 00:44:31.593,7.804080000000001,7.8037,1080,1080
24.06.2024 00:44:50.222,7.8041100000000005,7.8036,1080,1080
24.06.2024 00:45:00.097,7.80407,7.803560000000001,1080,1080
24.06.2024 00:45:01.102,7.80407,7.80357,1080,1350
24.06.2024 00:45:02.107,7.80412,7.803610000000001,900,1080
24.06.2024 00:45:08.121,7.80407,7.80359,1080,1080
24.06.2024 00:45:12.633,7.804080000000001,7.80357,1080,1980
24.06.2024 00:45:14.241,7.804080000000001,7.8037,1080,1080
24.06.2024 00:45:32.661,7.8041,7.80359,1080,1080
24.06.2024 00:45:51.458,7.80407,7.803560000000001,1080,1350
24.06.2024 00:45:54.667,7.8041100000000005,7.80359,1080,1080
24.06.2024 00:46:56.169,7.80412,7.80357,900,900
24.06.2024 00:47:04.993,7.80412,7.8036,1980,1080
24.06.2024 00:47:08.855,7.804080000000001,7.80357,1080,1980
24.06.2024 00:47:14.770,7.8041,7.803580000000001,1080,1080
24.06.2024 00:47:29.207,7.8041100000000005,7.8036,900,1080
24.06.2024 00:47:30.611,7.8041100000000005,7.8036200000000004,900,1080
24.06.2024 00:47:31.865,7.804080000000001,7.8037,1350,1080
24.06.2024 00:47:36.273,7.8041100000000005,7.8036,1980,1080
24.06.2024 00:47:37.776,7.8041100000000005,7.803630000000001,900,1080
24.06.2024 00:47:40.734,7.8041100000000005,7.8036,1980,1080
24.06.2024 00:47:41.988,7.804080000000001,7.80357,1080,1980
24.06.2024 00:47:46.051,7.8041100000000005,7.80359,1980,1080
24.06.2024 00:47:53.017,7.804080000000001,7.8037,1080,1080
24.06.2024 00:48:00.235,7.8041100000000005,7.8036,900,1080
24.06.2024 00:48:09.406,7.8040899999999995,7.8036,900,1080
24.06.2024 00:48:09.508,7.8041,7.8036,900,1080
24.06.2024 00:48:11.863,7.8041,7.803630000000001,900,1080
24.06.2024 00:48:14.319,7.804130000000001,7.803630000000001,900,1080
24.06.2024 00:48:15.822,7.804080000000001,7.803580000000001,1080,1080
24.06.2024 00:48:16.926,7.8041,7.80359,1080,1080
24.06.2024 00:48:30.256,7.8040899999999995,7.803580000000001,1080,1080
24.06.2024 00:48:31.313,7.80412,7.803630000000001,900,1080
24.06.2024 00:48:32.918,7.804130000000001,7.803630000000001,900,1080
24.06.2024 00:48:33.270,7.804139999999999,7.803630000000001,900,1080
24.06.2024 00:48:43.843,7.8041100000000005,7.803630000000001,1080,1080
24.06.2024 00:48:49.509,7.804139999999999,7.803630000000001,900,1080
24.06.2024 00:48:51.614,7.8040899999999995,7.803580000000001,1080,1080
24.06.2024 00:48:52.866,7.8041100000000005,7.8036,1080,1080
24.06.2024 00:48:57.325,7.8041,7.80359,1080,1080
24.06.2024 00:48:58.978,7.80412,7.8036200000000004,1080,1080
24.06.2024 00:49:00.581,7.8041,7.80359,1080,1080
24.06.2024 00:49:33.657,7.804139999999999,7.803630000000001,900,1080
24.06.2024 00:49:33.860,7.804130000000001,7.803630000000001,900,1080
24.06.2024 00:49:45.839,7.804080000000001,7.803580000000001,1080,1980
24.06.2024 00:49:46.945,7.8040899999999995,7.803580000000001,1080,1080
24.06.2024 00:49:50.004,7.804080000000001,7.80357,1080,1980
24.06.2024 00:49:52.910,7.8041,7.803580000000001,1080,1080
24.06.2024 00:49:54.112,7.804150000000001,7.803630000000001,1080,1080
24.06.2024 00:49:57.720,7.804080000000001,7.80357,1080,1080
24.06.2024 00:49:59.425,7.8041100000000005,7.803610000000001,1080,1080
24.06.2024 00:50:01.929,7.804150000000001,7.803630000000001,1080,1080
24.06.2024 00:50:13.242,7.80412,7.803610000000001,1080,1080
24.06.2024 00:50:15.298,7.8041,7.803580000000001,1080,1080
24.06.2024 00:50:18.106,7.804139999999999,7.8036200000000004,1080,1080
24.06.2024 00:50:21.866,7.8041100000000005,7.80359,1080,1080
24.06.2024 00:50:22.918,7.80412,7.80359,1080,1080
24.06.2024 00:50:33.144,7.804150000000001,7.803630000000001,1080,1080
24.06.2024 00:50:41.267,7.80412,7.8036,1080,1080
24.06.2024 00:50:44.991,7.8041100000000005,7.80359,1080,1080
24.06.2024 00:50:56.273,7.804150000000001,7.803630000000001,1980,1080
24.06.2024 00:50:58.178,7.80407,7.803560000000001,1080,1980
24.06.2024 00:50:59.933,7.8040899999999995,7.803560000000001,1080,1980
24.06.2024 00:51:00.936,7.8040899999999995,7.80357,1080,1080
24.06.2024 00:51:02.039,7.80407,7.803560000000001,1080,900
24.06.2024 00:51:03.242,7.804080000000001,7.803560000000001,1080,1980
24.06.2024 00:51:06.901,7.804060000000001,7.803560000000001,1080,900
24.06.2024 00:51:13.388,7.804080000000001,7.803560000000001,1080,1980
24.06.2024 00:51:16.676,7.8041100000000005,7.80359,1080,1080
24.06.2024 00:51:18.183,7.8040899999999995,7.80357,1080,1080
24.06.2024 00:51:19.738,7.80407,7.803560000000001,1080,1980
24.06.2024 00:51:41.359,7.8041,7.803580000000001,1080,1080
24.06.2024 00:51:49.228,7.80407,7.803560000000001,1080,900
24.06.2024 00:51:50.380,7.8040899999999995,7.80357,1080,1080
24.06.2024 00:51:51.936,7.8040899999999995,7.803560000000001,1080,1980
24.06.2024 00:51:56.748,7.804080000000001,7.803560000000001,1080,1980
24.06.2024 00:51:58.203,7.8040899999999995,7.803580000000001,1080,1080
24.06.2024 00:52:00.960,7.8041,7.803580000000001,1080,1080
24.06.2024 00:52:25.422,7.8041100000000005,7.80359,1080,1080
24.06.2024 00:52:30.084,7.8041,7.803580000000001,1080,1080
24.06.2024 00:52:31.288,7.804060000000001,7.803560000000001,1080,900
24.06.2024 00:52:37.819,7.80407,7.803560000000001,1080,1980
24.06.2024 00:52:38.876,7.8041100000000005,7.80359,1080,1080
24.06.2024 00:52:47.345,7.8041,7.80359,1080,1080
24.06.2024 00:52:50.905,7.8040899999999995,7.803580000000001,1080,1080
24.06.2024 00:52:56.770,7.804080000000001,7.80357,1080,1080
24.06.2024 00:53:00.326,7.804080000000001,7.803560000000001,1080,1080
24.06.2024 00:53:01.679,7.804080000000001,7.80357,1080,1080
24.06.2024 00:53:04.735,7.8041,7.803580000000001,1080,1080
24.06.2024 00:53:08.046,7.804080000000001,7.80357,1080,1080
24.06.2024 00:53:13.405,7.804060000000001,7.80354,1080,1980
24.06.2024 00:53:20.431,7.8040899999999995,7.803580000000001,1080,1080
24.06.2024 00:53:26.901,7.804060000000001,7.80355,1080,1080
24.06.2024 00:53:31.263,7.804080000000001,7.80357,1080,1080
24.06.2024 00:53:34.018,7.804060000000001,7.80355,1080,1080
24.06.2024 00:53:38.778,7.804080000000001,7.803560000000001,1080,1080
24.06.2024 00:53:50.202,7.80407,7.80355,1080,1080
24.06.2024 00:53:56.770,7.80405,7.80353,1080,1080
24.06.2024 00:53:58.190,7.80407,7.80355,1080,1080
24.06.2024 00:54:01.450,7.804080000000001,7.80357,1080,1080
24.06.2024 00:54:03.003,7.8040899999999995,7.80357,1080,1080
24.06.2024 00:54:07.064,7.80405,7.80354,1080,1080
24.06.2024 00:54:17.288,7.8040899999999995,7.803580000000001,1080,1080
24.06.2024 00:54:26.770,7.80405,7.80354,1080,1080
24.06.2024 00:54:30.128,7.804080000000001,7.803560000000001,1080,1080
24.06.2024 00:54:31.481,7.804080000000001,7.80357,1080,1080
24.06.2024 00:54:37.093,7.804060000000001,7.80355,1080,1080
24.06.2024 00:54:41.513,7.8041,7.803580000000001,1080,1080
24.06.2024 00:54:47.377,7.804130000000001,7.80354,900,900
24.06.2024 00:54:50.635,7.804060000000001,7.80355,1080,1080
24.06.2024 00:54:55.848,7.804080000000001,7.80357,1080,1080
24.06.2024 00:54:56.850,7.804080000000001,7.8036200000000004,1080,900
24.06.2024 00:54:56.951,7.8041100000000005,7.80375,1080,1080
24.06.2024 00:54:58.055,7.804200000000001,7.803760000000001,1080,1080
24.06.2024 00:54:59.260,7.804200000000001,7.80375,1080,1980
24.06.2024 00:55:01.819,7.8041100000000005,7.803760000000001,1080,1080
24.06.2024 00:55:03.123,7.804210000000001,7.803760000000001,1080,1080
24.06.2024 00:55:06.430,7.80424,7.803800000000001,1080,1080
24.06.2024 00:55:07.765,7.804139999999999,7.80379,1080,1080
24.06.2024 00:55:31.525,7.80422,7.80377,1080,1080
24.06.2024 00:55:34.433,7.804200000000001,7.803780000000001,1080,1080
24.06.2024 00:55:35.789,7.8042300000000004,7.80379,1080,1080
24.06.2024 00:55:41.454,7.80424,7.803800000000001,1080,1080
24.06.2024 00:55:44.871,7.8042300000000004,7.803800000000001,900,1080
24.06.2024 00:55:44.922,7.804210000000001,7.80377,1080,1080
24.06.2024 00:55:54.596,7.804139999999999,7.80379,1080,1080
24.06.2024 00:56:04.071,7.80419,7.80377,1080,1080
24.06.2024 00:56:10.183,7.804139999999999,7.80379,1080,1080
24.06.2024 00:56:20.112,7.80412,7.80377,1080,1080
24.06.2024 00:56:31.035,7.804180000000001,7.803760000000001,1080,1080
24.06.2024 00:56:39.757,7.80419,7.80375,1080,1980
24.06.2024 00:56:48.931,7.80412,7.80377,1080,1080
24.06.2024 00:57:31.395,7.804200000000001,7.80379,1080,1080
24.06.2024 00:57:40.565,7.804180000000001,7.80377,1080,1080
24.06.2024 00:57:42.268,7.804180000000001,7.803760000000001,1080,1080
24.06.2024 00:57:43.973,7.804160000000001,7.80375,1080,1080
24.06.2024 00:58:07.735,7.80412,7.80377,1080,1080
24.06.2024 00:58:12.297,7.804160000000001,7.80375,1080,1080
24.06.2024 00:58:26.533,7.80419,7.80379,1080,1080
24.06.2024 00:58:37.961,7.80412,7.80377,1080,1080
24.06.2024 00:58:39.618,7.804180000000001,7.80377,1080,1080
24.06.2024 00:58:42.322,7.80412,7.80377,1080,1080
24.06.2024 00:58:48.517,7.80419,7.803780000000001,1080,1080
24.06.2024 00:58:49.771,7.804200000000001,7.80379,900,1080
24.06.2024 00:58:51.277,7.80412,7.80377,1080,1080
24.06.2024 00:59:00.100,7.8041100000000005,7.803760000000001,1080,1080
24.06.2024 00:59:02.308,7.8041100000000005,7.803760000000001,2099.9999,1080
24.06.2024 00:59:02.560,7.8041100000000005,7.803760000000001,1200,1080
24.06.2024 00:59:03.112,7.804080000000001,7.803730000000001,2099.9999,1080
24.06.2024 00:59:04.065,7.804060000000001,7.803730000000001,1020,1080
24.06.2024 00:59:04.216,7.80405,7.80372,1020,1080
24.06.2024 00:59:05.420,7.80405,7.803710000000001,1020,1080
24.06.2024 00:59:13.087,7.80404,7.80369,1170,1080
24.06.2024 00:59:16.046,7.80404,7.80369,1200,1080
24.06.2024 00:59:19.603,7.80405,7.803710000000001,1020,1080
24.06.2024 00:59:20.255,7.80404,7.803710000000001,1020,1080
24.06.2024 00:59:20.306,7.80404,7.803710000000001,1020,1080
24.06.2024 00:59:20.507,7.80404,7.803710000000001,1020,1080
24.06.2024 00:59:20.708,7.804030000000001,7.803680000000001,1200,1350
24.06.2024 00:59:27.344,7.80404,7.8037,1020,1080
24.06.2024 00:59:28.598,7.804030000000001,7.803680000000001,1200,1080
24.06.2024 00:59:48.445,7.804030000000001,7.803680000000001,1200,1080
24.06.2024 00:59:52.806,7.80404,7.803710000000001,1020,1080
24.06.2024 00:59:52.857,7.80404,7.803710000000001,1020,1080
24.06.2024 00:59:54.061,7.80404,7.8037,1020,1080
24.06.2024 00:59:54.712,7.80404,7.8037,1020,1080
24.06.2024 00:59:55.364,7.80404,7.803710000000001,1020,1080
24.06.2024 01:00:00.075,7.804010000000001,7.803710000000001,1020,900
24.06.2024 01:00:11.280,7.804010000000001,7.803760000000001,1020,900
24.06.2024 01:00:11.331,7.804010000000001,7.803760000000001,1020,900
24.06.2024 01:00:15.289,7.80395,7.803730000000001,900,1080
24.06.2024 01:00:15.391,7.8038300000000005,7.803610000000001,900,1080
24.06.2024 01:00:15.744,7.803780000000001,7.803610000000001,900,1080
24.06.2024 01:00:15.795,7.8037399999999995,7.80352,900,1980
24.06.2024 01:00:16.198,7.803710000000001,7.80352,900,1080
24.06.2024 01:00:16.300,7.8036,7.80344,900,1080
24.06.2024 01:00:16.351,7.80348,7.8033,900,1080
24.06.2024 01:00:16.402,7.80344,7.8033,900,1080
24.06.2024 01:00:16.453,7.80344,7.803210000000001,900,1350
24.06.2024 01:00:16.504,7.8033399999999995,7.803210000000001,900,1350
24.06.2024 01:00:16.554,7.8033399999999995,7.803110000000001,900,1350
24.06.2024 01:00:16.605,7.80332,7.803110000000001,900,1350
24.06.2024 01:00:16.707,7.80337,7.80312,1020,900
24.06.2024 01:00:16.758,7.803389999999999,7.80312,1020,900
24.06.2024 01:00:16.859,7.803389999999999,7.80312,900,900
24.06.2024 01:00:17.260,7.8033600000000005,7.80314,900,900
24.06.2024 01:00:17.362,7.80327,7.803110000000001,900,1350
24.06.2024 01:00:17.412,7.8033399999999995,7.803110000000001,900,1350
24.06.2024 01:00:17.614,7.8033399999999995,7.80309,900,900
24.06.2024 01:00:19.068,7.80335,7.80313,900,900
24.06.2024 01:00:19.270,7.803400000000001,7.80317,900,900
24.06.2024 01:00:19.572,7.803450000000001,7.80319,1020,900
24.06.2024 01:00:19.823,7.80348,7.8032200000000005,1020,900
24.06.2024 01:00:19.925,7.8034300000000005,7.803210000000001,900,900
24.06.2024 01:00:20.177,7.803460000000001,7.8032200000000005,1020,900
24.06.2024 01:00:20.227,7.80348,7.80327,900,900
24.06.2024 01:00:20.530,7.80349,7.803280000000001,900,900
24.06.2024 01:00:21.282,7.80349,7.80324,900,900
24.06.2024 01:00:22.185,7.803510000000001,7.803280000000001,900,900
24.06.2024 01:00:22.337,7.80348,7.80324,900,1350
24.06.2024 01:00:22.388,7.803460000000001,7.80324,900,1350
24.06.2024 01:00:22.940,7.803460000000001,7.803210000000001,900,1080
24.06.2024 01:00:24.345,7.803400000000001,7.803160000000001,900,900
24.06.2024 01:00:24.496,7.803410000000001,7.80319,900,900
24.06.2024 01:00:27.254,7.803400000000001,7.80319,900,900
24.06.2024 01:00:29.511,7.803450000000001,7.80324,990,900
24.06.2024 01:00:29.613,7.80353,7.803310000000001,990,900
24.06.2024 01:00:30.669,7.80359,7.8033600000000005,1020,900
24.06.2024 01:00:30.771,7.803630000000001,7.803410000000001,1020,900
24.06.2024 01:00:31.023,7.803630000000001,7.803410000000001,900,900
24.06.2024 01:00:31.625,7.803630000000001,7.80342,900,900
24.06.2024 01:00:31.928,7.80365,7.8034300000000005,900,900
24.06.2024 01:00:31.979,7.8037,7.803450000000001,1020,900
24.06.2024 01:00:32.180,7.8037,7.803450000000001,1020,900
24.06.2024 01:00:33.113,7.80365,7.8034300000000005,900,900
24.06.2024 01:00:35.520,7.803660000000001,7.80344,900,900
24.06.2024 01:00:35.621,7.803680000000001,7.803460000000001,990,900
24.06.2024 01:00:35.722,7.80364,7.8034300000000005,900,900
24.06.2024 01:00:35.974,7.80364,7.80342,900,900
24.06.2024 01:00:37.229,7.8036,7.803400000000001,900,900
24.06.2024 01:00:47.156,7.803580000000001,7.803380000000001,900,900
24.06.2024 01:00:47.307,7.8036,7.803400000000001,900,900
24.06.2024 01:00:47.408,7.803610000000001,7.803410000000001,900,900
24.06.2024 01:00:47.609,7.8036,7.803400000000001,900,900
24.06.2024 01:00:49.864,7.8036200000000004,7.80342,900,900
24.06.2024 01:00:57.481,7.80365,7.803450000000001,900,900
24.06.2024 01:00:58.635,7.80367,7.80347,900,900
24.06.2024 01:01:00.492,7.8037399999999995,7.803510000000001,900,900
24.06.2024 01:01:00.594,7.80375,7.80355,900,900
24.06.2024 01:01:46.814,7.80375,7.80352,900,1350
24.06.2024 01:01:46.867,7.80377,7.80352,900,1350
24.06.2024 01:01:47.820,7.80377,7.80347,900,2250
24.06.2024 01:01:50.727,7.80377,7.80348,900,1350
24.06.2024 01:01:51.630,7.803810000000001,7.803510000000001,900,900
24.06.2024 01:01:53.286,7.803810000000001,7.80357,900,1080
24.06.2024 01:01:55.292,7.803810000000001,7.80352,900,1080
24.06.2024 01:01:56.345,7.80375,7.80357,900,1080
24.06.2024 01:01:57.351,7.80375,7.80354,900,1080
24.06.2024 01:02:00.209,7.80375,7.80352,900,1080
24.06.2024 01:02:06.932,7.803760000000001,7.80352,900,1080
24.06.2024 01:02:44.118,7.803710000000001,7.80352,900,1080
24.06.2024 01:02:47.777,7.803710000000001,7.8034300000000005,900,1980
24.06.2024 01:03:24.284,7.803710000000001,7.80344,900,1350
24.06.2024 01:03:32.700,7.803710000000001,7.8034300000000005,900,2250
24.06.2024 01:03:33.952,7.80375,7.80348,900,900
24.06.2024 01:03:34.204,7.803810000000001,7.80352,900,900
24.06.2024 01:04:04.045,7.803760000000001,7.8035000000000005,900,1080
24.06.2024 01:04:05.299,7.803760000000001,7.80349,900,1080
24.06.2024 01:04:08.906,7.803800000000001,7.80352,900,900
24.06.2024 01:04:23.289,7.803760000000001,7.803510000000001,900,1080
24.06.2024 01:04:24.145,7.803760000000001,7.8035000000000005,900,1350
24.06.2024 01:04:28.151,7.803800000000001,7.80352,900,900
24.06.2024 01:04:30.807,7.803800000000001,7.803510000000001,900,900
24.06.2024 01:04:37.680,7.803760000000001,7.80349,900,1080
24.06.2024 01:04:42.241,7.803800000000001,7.803510000000001,900,900
24.06.2024 01:04:59.429,7.803800000000001,7.80352,900,1080
24.06.2024 01:05:00.734,7.803800000000001,7.803510000000001,900,900
24.06.2024 01:05:05.193,7.803800000000001,7.803580000000001,900,1080
24.06.2024 01:05:06.946,7.803810000000001,7.803580000000001,900,1080
24.06.2024 01:05:13.031,7.803810000000001,7.803510000000001,900,900
24.06.2024 01:05:20.048,7.803810000000001,7.803580000000001,900,1080
24.06.2024 01:05:21.350,7.803810000000001,7.803510000000001,900,900
24.06.2024 01:05:30.575,7.803810000000001,7.80352,900,1350
24.06.2024 01:05:40.546,7.803810000000001,7.8035000000000005,900,2339.9999
24.06.2024 01:06:10.394,7.803810000000001,7.803580000000001,900,1080
24.06.2024 01:06:11.997,7.803810000000001,7.8035000000000005,900,900
24.06.2024 01:06:18.664,7.803810000000001,7.803580000000001,900,1080
24.06.2024 01:06:27.317,7.803810000000001,7.8035000000000005,900,900
24.06.2024 01:06:43.307,7.803810000000001,7.803510000000001,900,1080
24.06.2024 01:06:59.094,7.803810000000001,7.8035000000000005,900,1980
24.06.2024 01:07:00.147,7.803810000000001,7.803510000000001,900,1080
24.06.2024 01:07:14.937,7.803800000000001,7.803510000000001,900,2250
24.06.2024 01:08:31.482,7.803760000000001,7.80349,900,1080
24.06.2024 01:08:34.894,7.803760000000001,7.8035000000000005,900,1080
24.06.2024 01:08:39.255,7.80369,7.80348,900,1080
24.06.2024 01:08:39.307,7.80372,7.80348,900,1080
24.06.2024 01:08:39.358,7.8037399999999995,7.80348,900,1080
24.06.2024 01:08:39.711,7.80375,7.80348,900,1080
24.06.2024 01:08:41.417,7.803680000000001,7.80349,900,1080
24.06.2024 01:08:41.468,7.803660000000001,7.803410000000001,900,1080
24.06.2024 01:08:41.519,7.8036200000000004,7.803410000000001,900,1080
24.06.2024 01:08:41.620,7.803610000000001,7.803410000000001,900,1080
24.06.2024 01:08:41.671,7.803610000000001,7.803310000000001,900,900
24.06.2024 01:08:41.823,7.80365,7.80327,900,1080
24.06.2024 01:08:42.077,7.8036,7.80327,900,1080
24.06.2024 01:08:42.879,7.803580000000001,7.803260000000001,900,1080
24.06.2024 01:08:43.983,7.803580000000001,7.80324,900,1080
24.06.2024 01:08:45.119,7.803580000000001,7.8032200000000005,900,1080
24.06.2024 01:08:45.220,7.80359,7.8032200000000005,900,1080
24.06.2024 01:08:45.322,7.8035000000000005,7.8032200000000005,900,1080
24.06.2024 01:08:45.423,7.80349,7.8032200000000005,900,1080
24.06.2024 01:08:46.228,7.80349,7.803260000000001,900,1080
24.06.2024 01:08:46.380,7.80348,7.803260000000001,900,1080
24.06.2024 01:08:48.486,7.80344,7.803260000000001,900,1080
24.06.2024 01:08:48.588,7.803400000000001,7.803210000000001,900,1080
24.06.2024 01:08:48.890,7.803380000000001,7.8030800000000005,900,900
24.06.2024 01:08:53.001,7.803310000000001,7.803060000000001,900,1080
24.06.2024 01:08:54.560,7.803310000000001,7.803010000000001,900,900
24.06.2024 01:08:57.014,7.80325,7.803,900,1080
24.06.2024 01:08:58.069,7.80325,7.802989999999999,900,1080
24.06.2024 01:08:59.324,7.80325,7.80295,900,900
24.06.2024 01:09:02.334,7.80325,7.802960000000001,900,900
24.06.2024 01:09:05.393,7.80325,7.80297,900,900
24.06.2024 01:09:07.999,7.80325,7.802980000000001,900,900
24.06.2024 01:09:08.451,7.803260000000001,7.803050000000001,900,900
24.06.2024 01:09:08.753,7.803210000000001,7.803010000000001,900,900
24.06.2024 01:09:11.614,7.803260000000001,7.803060000000001,900,900
24.06.2024 01:09:12.569,7.80325,7.803050000000001,900,900
24.06.2024 01:09:14.777,7.80327,7.80307,900,900
24.06.2024 01:09:14.827,7.80329,7.8030800000000005,900,900
24.06.2024 01:09:14.878,7.803310000000001,7.8030800000000005,900,900
24.06.2024 01:09:20.447,7.803260000000001,7.803050000000001,900,1080
24.06.2024 01:09:20.699,7.80327,7.803060000000001,900,900
24.06.2024 01:09:28.323,7.80325,7.80304,900,900
24.06.2024 01:09:40.749,7.803280000000001,7.803010000000001,900,900
24.06.2024 01:09:41.954,7.803330000000001,7.80309,1080,900
24.06.2024 01:09:42.456,7.803330000000001,7.803100000000001,1080,900
24.06.2024 01:09:43.159,7.803330000000001,7.8031500000000005,1350,900
24.06.2024 01:09:43.210,7.803400000000001,7.8031500000000005,1350,900
24.06.2024 01:09:44.916,7.803400000000001,7.80314,1080,900
24.06.2024 01:09:45.268,7.803400000000001,7.8031500000000005,1080,900
24.06.2024 01:09:45.420,7.803400000000001,7.803160000000001,1080,900
24.06.2024 01:09:45.471,7.803400000000001,7.803100000000001,1080,900
24.06.2024 01:09:45.522,7.803400000000001,7.8032200000000005,1080,900
24.06.2024 01:09:45.774,7.803400000000001,7.803230000000001,1080,900
24.06.2024 01:09:45.975,7.8035000000000005,7.80324,1080,900
24.06.2024 01:09:47.280,7.8035000000000005,7.8033399999999995,1080,900
24.06.2024 01:09:47.331,7.80357,7.803400000000001,1080,900
24.06.2024 01:09:47.382,7.803660000000001,7.80344,1080,900
24.06.2024 01:09:47.433,7.803660000000001,7.803460000000001,1080,900
24.06.2024 01:09:47.534,7.803660000000001,7.803450000000001,1080,900
24.06.2024 01:09:47.636,7.803730000000001,7.80348,1080,900
24.06.2024 01:09:47.737,7.803730000000001,7.80349,1080,900
24.06.2024 01:09:47.940,7.803730000000001,7.803510000000001,1080,900
24.06.2024 01:09:49.297,7.803730000000001,7.80354,1080,900
24.06.2024 01:09:49.348,7.803850000000001,7.80359,1080,900
24.06.2024 01:09:51.055,7.80382,7.80359,1080,900
24.06.2024 01:09:51.557,7.80379,7.80359,900,900
24.06.2024 01:09:55.276,7.803810000000001,7.80364,1080,900
24.06.2024 01:09:56.536,7.80384,7.80364,900,900
24.06.2024 01:10:02.303,7.803860000000001,7.803660000000001,900,900
24.06.2024 01:10:02.410,7.80393,7.80372,900,900
24.06.2024 01:10:02.763,7.8039700000000005,7.80375,900,900
24.06.2024 01:10:03.266,7.803980000000001,7.803800000000001,1080,900
24.06.2024 01:10:03.417,7.804,7.803800000000001,900,900
24.06.2024 01:10:05.974,7.804030000000001,7.80388,1080,900
24.06.2024 01:10:06.076,7.8041100000000005,7.80392,1080,900
24.06.2024 01:10:06.127,7.8041100000000005,7.8039000000000005,1080,900
24.06.2024 01:10:07.131,7.80412,7.8039000000000005,900,900
24.06.2024 01:10:07.784,7.80417,7.8039000000000005,1080,900
24.06.2024 01:10:08.087,7.80412,7.803860000000001,900,900
24.06.2024 01:10:08.138,7.8041100000000005,7.80384,900,900
24.06.2024 01:10:08.189,7.8040899999999995,7.8038300000000005,900,900
24.06.2024 01:10:08.642,7.8040899999999995,7.80379,900,900
24.06.2024 01:10:09.346,7.80405,7.80379,1080,900
24.06.2024 01:10:09.999,7.80405,7.803760000000001,1080,900
24.06.2024 01:10:10.150,7.80405,7.8037399999999995,1080,900
24.06.2024 01:10:10.603,7.804030000000001,7.8037399999999995,1080,900
24.06.2024 01:10:11.207,7.804030000000001,7.803800000000001,1080,900
24.06.2024 01:10:11.661,7.80407,7.803800000000001,900,900
24.06.2024 01:10:11.712,7.8041100000000005,7.80384,1080,900
24.06.2024 01:10:11.813,7.8041100000000005,7.80392,1080,900
24.06.2024 01:10:11.864,7.80417,7.80392,1080,900
24.06.2024 01:10:13.619,7.804160000000001,7.80392,1080,900
24.06.2024 01:10:14.724,7.804139999999999,7.803910000000001,1080,900
24.06.2024 01:10:15.227,7.804139999999999,7.80394,1080,900
24.06.2024 01:10:15.328,7.804139999999999,7.80399,1080,900
24.06.2024 01:10:15.530,7.804210000000001,7.80399,1080,900
24.06.2024 01:10:16.032,7.804180000000001,7.803980000000001,900,900
24.06.2024 01:10:17.137,7.804150000000001,7.80395,900,900
24.06.2024 01:10:17.238,7.804080000000001,7.80388,900,900
24.06.2024 01:10:17.390,7.804060000000001,7.803860000000001,900,900
24.06.2024 01:10:17.692,7.8039700000000005,7.8037399999999995,900,900
24.06.2024 01:10:17.743,7.80389,7.80365,900,900
24.06.2024 01:10:18.046,7.80388,7.80365,900,900
24.06.2024 01:10:20.233,7.80393,7.80365,1080,900
24.06.2024 01:10:20.585,7.80392,7.80365,1350,900
24.06.2024 01:10:22.292,7.80392,7.80364,1080,900
24.06.2024 01:10:22.443,7.80392,7.803630000000001,1080,900
24.06.2024 01:10:22.544,7.80392,7.8036200000000004,1080,900
24.06.2024 01:10:23.347,7.80394,7.8036200000000004,900,900
24.06.2024 01:10:24.705,7.80392,7.8036200000000004,1080,900
24.06.2024 01:10:29.515,7.80392,7.80364,1080,900
24.06.2024 01:10:30.920,7.80393,7.8036200000000004,900,900
24.06.2024 01:10:30.970,7.803800000000001,7.80353,900,900
24.06.2024 01:10:36.732,7.803810000000001,7.803560000000001,900,900
24.06.2024 01:10:36.834,7.8038300000000005,7.80359,900,900
24.06.2024 01:10:41.293,7.80382,7.8036,900,900
24.06.2024 01:10:50.815,7.803810000000001,7.803580000000001,900,900
24.06.2024 01:11:09.591,7.803850000000001,7.803630000000001,900,900
24.06.2024 01:11:09.642,7.80393,7.80367,900,900
24.06.2024 01:11:10.044,7.803910000000001,7.803680000000001,900,900
24.06.2024 01:11:17.562,7.803860000000001,7.803660000000001,900,900
24.06.2024 01:11:53.618,7.80382,7.80364,900,1080
24.06.2024 01:11:53.719,7.803860000000001,7.803660000000001,900,900
24.06.2024 01:12:01.269,7.803860000000001,7.803630000000001,900,1080
24.06.2024 01:12:02.480,7.803860000000001,7.8036,900,1350
24.06.2024 01:12:23.729,7.803860000000001,7.803580000000001,900,1980
24.06.2024 01:12:31.502,7.803860000000001,7.8036,900,1080
24.06.2024 01:12:34.141,7.803910000000001,7.8036200000000004,900,900
24.06.2024 01:12:35.296,7.803910000000001,7.80365,900,1080
24.06.2024 01:12:55.493,7.803910000000001,7.803630000000001,900,1980
24.06.2024 01:13:00.708,7.803910000000001,7.803660000000001,900,1080
24.06.2024 01:13:12.497,7.80399,7.80365,900,1980
24.06.2024 01:13:12.548,7.803980000000001,7.80372,900,1080
24.06.2024 01:13:12.599,7.80402,7.803730000000001,900,900
24.06.2024 01:13:12.650,7.80407,7.8037399999999995,900,990
24.06.2024 01:13:12.752,7.804060000000001,7.8037399999999995,900,990
24.06.2024 01:13:12.853,7.804010000000001,7.8037399999999995,900,1020
24.06.2024 01:13:13.707,7.804010000000001,7.80377,900,1080
24.06.2024 01:13:18.117,7.804010000000001,7.803810000000001,900,1080
24.06.2024 01:13:22.777,7.80402,7.803810000000001,900,1080
24.06.2024 01:13:22.828,7.804010000000001,7.803680000000001,900,2069.9999
24.06.2024 01:13:23.079,7.803980000000001,7.803680000000001,900,1080
24.06.2024 01:13:23.181,7.803910000000001,7.803680000000001,900,1080
24.06.2024 01:13:23.434,7.8039000000000005,7.803680000000001,900,1080
24.06.2024 01:13:24.086,7.8039000000000005,7.803630000000001,900,900
24.06.2024 01:13:31.452,7.80387,7.8036200000000004,900,1080
24.06.2024 01:13:31.554,7.803860000000001,7.8036200000000004,900,1080
24.06.2024 01:13:31.956,7.803860000000001,7.803630000000001,900,1350
24.06.2024 01:13:40.575,7.803810000000001,7.803630000000001,900,1080
24.06.2024 01:13:40.676,7.803800000000001,7.803630000000001,900,1080
24.06.2024 01:13:40.978,7.803800000000001,7.80355,900,1080
24.06.2024 01:13:45.294,7.803760000000001,7.80355,900,1080
24.06.2024 01:13:45.446,7.8037399999999995,7.80342,900,1080
24.06.2024 01:13:45.497,7.80379,7.8034300000000005,900,900
24.06.2024 01:13:45.800,7.803810000000001,7.803450000000001,900,900
24.06.2024 01:13:46.604,7.803810000000001,7.803460000000001,900,1080
24.06.2024 01:13:50.814,7.803810000000001,7.80347,900,1080
24.06.2024 01:13:52.217,7.803810000000001,7.803450000000001,900,1980
24.06.2024 01:13:55.822,7.803800000000001,7.803460000000001,900,900
24.06.2024 01:14:01.133,7.803800000000001,7.80347,900,1350
24.06.2024 01:14:06.292,7.803710000000001,7.80347,900,1350
24.06.2024 01:14:06.681,7.803710000000001,7.80344,900,900
24.06.2024 01:14:09.389,7.80367,7.803410000000001,900,900
24.06.2024 01:14:09.440,7.803630000000001,7.80335,900,1080
24.06.2024 01:14:09.491,7.803710000000001,7.80335,1980,1980
24.06.2024 01:14:10.648,7.803710000000001,7.803389999999999,900,1080
24.06.2024 01:14:12.452,7.803730000000001,7.803450000000001,900,900
24.06.2024 01:14:12.553,7.803760000000001,7.80349,900,900
24.06.2024 01:14:13.757,7.803760000000001,7.8035000000000005,900,1080
24.06.2024 01:14:14.911,7.803760000000001,7.80352,900,1350
24.06.2024 01:14:16.216,7.803760000000001,7.80353,900,1080
24.06.2024 01:14:20.477,7.803760000000001,7.80354,900,1080
24.06.2024 01:14:21.984,7.80388,7.80353,1080,1080
24.06.2024 01:14:22.035,7.803730000000001,7.8034300000000005,900,1080
24.06.2024 01:14:22.136,7.8037,7.8033600000000005,900,2430.0001
24.06.2024 01:14:22.489,7.80364,7.8033600000000005,900,1080
24.06.2024 01:14:22.540,7.80367,7.8033600000000005,900,1080
24.06.2024 01:14:22.691,7.80365,7.8033600000000005,900,1080
24.06.2024 01:14:23.195,7.80367,7.8033600000000005,900,1080
24.06.2024 01:14:25.200,7.80367,7.80332,900,1080
24.06.2024 01:14:27.355,7.80367,7.803330000000001,900,1350
24.06.2024 01:14:27.456,7.803680000000001,7.80344,1080,900
24.06.2024 01:14:27.507,7.8037399999999995,7.80344,900,900
24.06.2024 01:14:27.558,7.8037399999999995,7.80347,900,900
24.06.2024 01:14:27.869,7.8037399999999995,7.803510000000001,900,1080
24.06.2024 01:14:28.874,7.8037399999999995,7.80349,900,1080
24.06.2024 01:14:30.027,7.8037399999999995,7.8035000000000005,900,1080
24.06.2024 01:14:30.280,7.80375,7.8035000000000005,900,1080
24.06.2024 01:14:31.184,7.80375,7.80354,900,1080
24.06.2024 01:14:32.288,7.80375,7.803510000000001,900,1080
24.06.2024 01:14:32.589,7.80379,7.803510000000001,900,1080
24.06.2024 01:14:32.641,7.803710000000001,7.803389999999999,900,1350
24.06.2024 01:14:32.692,7.803680000000001,7.803389999999999,900,1350
24.06.2024 01:14:32.843,7.80369,7.8033399999999995,1980,1350
24.06.2024 01:14:34.601,7.803710000000001,7.803410000000001,900,900
24.06.2024 01:14:38.815,7.803710000000001,7.803400000000001,900,1080
24.06.2024 01:14:38.917,7.8037,7.803400000000001,900,1080
24.06.2024 01:14:39.018,7.80367,7.803280000000001,900,1350
24.06.2024 01:14:39.119,7.803680000000001,7.803280000000001,900,1350
24.06.2024 01:14:40.174,7.803680000000001,7.80337,900,1080
24.06.2024 01:14:41.378,7.803680000000001,7.8033399999999995,900,1080
24.06.2024 01:14:41.529,7.8037,7.8033399999999995,1980,1080
24.06.2024 01:14:41.781,7.80369,7.8033399999999995,900,1080
24.06.2024 01:14:41.882,7.8037,7.8033399999999995,1980,1080
24.06.2024 01:14:42.686,7.8037,7.8033,900,1080
24.06.2024 01:14:44.090,7.803560000000001,7.8033,900,1080
24.06.2024 01:14:44.192,7.80355,7.8033,900,1080
24.06.2024 01:14:44.243,7.80365,7.8033,900,1080
24.06.2024 01:14:45.399,7.80365,7.80332,900,1080
24.06.2024 01:14:45.900,7.803660000000001,7.80332,900,1080
24.06.2024 01:14:58.637,7.803660000000001,7.803330000000001,900,1080
24.06.2024 01:15:03.155,7.803660000000001,7.80332,900,1080
24.06.2024 01:15:05.811,7.803660000000001,7.80327,900,900
24.06.2024 01:15:06.965,7.803660000000001,7.80335,900,1080
24.06.2024 01:15:30.124,7.803660000000001,7.80327,900,1980
24.06.2024 01:15:31.277,7.803660000000001,7.80335,900,1080
24.06.2024 01:15:45.862,7.80367,7.80335,900,1080
24.06.2024 01:15:47.115,7.80367,7.803260000000001,900,1980
24.06.2024 01:15:49.320,7.80367,7.803310000000001,900,1080
24.06.2024 01:15:54.735,7.80367,7.803260000000001,900,900
24.06.2024 01:15:59.297,7.803680000000001,7.803330000000001,900,1080
24.06.2024 01:16:05.959,7.803680000000001,7.803260000000001,900,900
24.06.2024 01:16:27.157,7.80357,7.8032200000000005,900,900
24.06.2024 01:16:27.258,7.80355,7.803210000000001,900,1980
24.06.2024 01:16:27.715,7.803510000000001,7.803210000000001,900,1980
24.06.2024 01:16:28.316,7.803510000000001,7.803230000000001,900,1080
24.06.2024 01:16:31.176,7.80353,7.803330000000001,900,900
24.06.2024 01:16:36.941,7.80352,7.80332,900,900
24.06.2024 01:16:46.120,7.8036,7.8033600000000005,900,900
24.06.2024 01:16:46.171,7.80352,7.80332,900,900
24.06.2024 01:16:46.222,7.80353,7.803280000000001,900,1080
24.06.2024 01:16:46.374,7.803510000000001,7.803280000000001,900,1080
24.06.2024 01:16:47.178,7.803510000000001,7.80325,900,1980
24.06.2024 01:16:50.235,7.80352,7.80325,900,900
24.06.2024 01:16:55.349,7.80353,7.803330000000001,900,900
24.06.2024 01:16:56.705,7.80355,7.803330000000001,900,900
24.06.2024 01:17:03.318,7.80357,7.803330000000001,900,900
24.06.2024 01:17:11.515,7.803560000000001,7.8033399999999995,900,900
24.06.2024 01:17:11.567,7.803580000000001,7.8033399999999995,900,900
24.06.2024 01:17:16.533,7.80357,7.8033399999999995,900,900
24.06.2024 01:17:50.396,7.80355,7.8033399999999995,900,900
24.06.2024 01:18:10.856,7.80352,7.80332,900,900
24.06.2024 01:18:14.064,7.80353,7.803330000000001,900,900
24.06.2024 01:18:14.115,7.803510000000001,7.803280000000001,900,1350
24.06.2024 01:18:15.620,7.803510000000001,7.803260000000001,900,1350
24.06.2024 01:18:18.295,7.803510000000001,7.80327,900,1350
24.06.2024 01:18:23.003,7.803510000000001,7.803280000000001,900,1350
24.06.2024 01:18:23.304,7.803450000000001,7.8032,900,1170
24.06.2024 01:18:23.356,7.80342,7.8032,900,1080
24.06.2024 01:18:24.410,7.80342,7.80319,900,1080
24.06.2024 01:18:26.727,7.80344,7.80318,900,1080
24.06.2024 01:18:26.878,7.803450000000001,7.80318,900,1980
24.06.2024 01:18:28.634,7.803450000000001,7.803210000000001,900,1350
24.06.2024 01:18:31.642,7.803450000000001,7.8032200000000005,900,1080
24.06.2024 01:18:36.902,7.803450000000001,7.803230000000001,900,1080
24.06.2024 01:18:42.393,7.803389999999999,7.803230000000001,900,1080
24.06.2024 01:18:42.495,7.80337,7.80312,900,1080
24.06.2024 01:18:42.596,7.80335,7.80312,900,1080
24.06.2024 01:18:43.755,7.80335,7.80313,900,1080
24.06.2024 01:18:43.807,7.80337,7.80313,900,1080
24.06.2024 01:18:45.817,7.8033,7.80313,900,1080
24.06.2024 01:18:47.071,7.8033,7.80309,900,1080
24.06.2024 01:18:48.423,7.803230000000001,7.80309,900,1080
24.06.2024 01:18:48.474,7.803230000000001,7.80302,900,2430.0001
24.06.2024 01:18:48.576,7.8032200000000005,7.80302,900,1080
24.06.2024 01:18:49.981,7.8032200000000005,7.80297,900,1350
24.06.2024 01:18:50.983,7.803160000000001,7.80297,900,1350
24.06.2024 01:18:52.038,7.803160000000001,7.80295,900,1080
24.06.2024 01:18:53.542,7.803160000000001,7.802930000000001,900,1080
24.06.2024 01:18:55.547,7.80313,7.802930000000001,900,1080
24.06.2024 01:18:56.903,7.80313,7.80289,900,1980
24.06.2024 01:18:57.154,7.80319,7.802930000000001,900,900
24.06.2024 01:18:57.306,7.80325,7.802989999999999,900,900
24.06.2024 01:18:57.559,7.80327,7.80302,900,900
24.06.2024 01:18:58.062,7.80329,7.80304,900,900
24.06.2024 01:19:01.372,7.803260000000001,7.803030000000001,900,1080
24.06.2024 01:19:01.474,7.803280000000001,7.803030000000001,900,1980
24.06.2024 01:19:04.135,7.8033,7.8030800000000005,900,900
24.06.2024 01:19:11.762,7.803310000000001,7.80309,900,900
24.06.2024 01:19:17.176,7.80329,7.8030800000000005,900,900
24.06.2024 01:19:40.510,7.803280000000001,7.8030800000000005,900,900
24.06.2024 01:19:42.319,7.80327,7.80307,900,900
24.06.2024 01:19:45.127,7.803310000000001,7.803100000000001,900,900
24.06.2024 01:19:45.229,7.803330000000001,7.80312,900,900
24.06.2024 01:19:55.699,7.803330000000001,7.80313,900,900
24.06.2024 01:20:06.121,7.80332,7.80312,900,900
24.06.2024 01:20:12.293,7.803330000000001,7.80312,900,900
24.06.2024 01:20:12.394,7.803310000000001,7.80309,900,900
24.06.2024 01:20:18.360,7.80329,7.803060000000001,900,900
24.06.2024 01:20:18.462,7.80327,7.803050000000001,900,900
24.06.2024 01:20:21.824,7.8033,7.803100000000001,900,900
24.06.2024 01:20:51.824,7.80329,7.80309,900,900
24.06.2024 01:20:56.834,7.80327,7.803060000000001,900,900
24.06.2024 01:21:08.458,7.80327,7.80304,900,900
24.06.2024 01:21:23.646,7.8033,7.803100000000001,900,900
24.06.2024 01:21:53.669,7.80329,7.80309,900,900
24.06.2024 01:21:58.683,7.80327,7.803060000000001,900,900
24.06.2024 01:21:58.734,7.80329,7.80309,900,900
24.06.2024 01:22:20.511,7.803280000000001,7.8030800000000005,900,900
24.06.2024 01:22:24.523,7.8033,7.803100000000001,900,900
24.06.2024 01:22:28.732,7.803280000000001,7.8030800000000005,900,900
24.06.2024 01:22:30.535,7.80329,7.80309,900,900
24.06.2024 01:23:00.515,7.80327,7.80307,900,900
24.06.2024 01:23:01.167,7.803310000000001,7.803110000000001,900,900
24.06.2024 01:23:31.452,7.80332,7.80312,900,900
24.06.2024 01:23:38.469,7.80335,7.8031500000000005,900,900
24.06.2024 01:23:48.792,7.803400000000001,7.8031500000000005,1200,900
24.06.2024 01:23:49.846,7.803389999999999,7.8031500000000005,1200,900
24.06.2024 01:23:50.849,7.80337,7.8031500000000005,1080,900
24.06.2024 01:23:51.902,7.80337,7.8031500000000005,1200,900
24.06.2024 01:23:55.961,7.803380000000001,7.8031500000000005,1200,900
24.06.2024 01:24:04.081,7.8033600000000005,7.8031500000000005,1080,900
24.06.2024 01:24:10.293,7.80337,7.8031500000000005,1170,900
24.06.2024 01:24:11.397,7.803380000000001,7.8031500000000005,1080,900
24.06.2024 01:24:18.816,7.80337,7.8031500000000005,1080,900
24.06.2024 01:24:19.920,7.803380000000001,7.8031500000000005,1080,900
24.06.2024 01:24:22.579,7.80337,7.8031500000000005,1080,900
24.06.2024 01:24:41.927,7.803380000000001,7.8031500000000005,1440.0001,900
24.06.2024 01:24:46.637,7.80337,7.8031500000000005,1080,900
24.06.2024 01:24:55.306,7.803380000000001,7.8031500000000005,1080,900
24.06.2024 01:25:20.900,7.803380000000001,7.8031500000000005,1470,900
24.06.2024 01:25:30.526,7.8033399999999995,7.8031500000000005,2700,900
24.06.2024 01:25:36.811,7.80337,7.8031500000000005,1440.0001,900
24.06.2024 01:25:51.294,7.80337,7.80314,1170,900
24.06.2024 01:26:01.468,7.8033600000000005,7.80314,1080,900
24.06.2024 01:26:03.222,7.80335,7.80314,1350,900
24.06.2024 01:26:09.667,7.80335,7.803110000000001,1350,900
24.06.2024 01:26:09.920,7.80335,7.80314,1350,900
24.06.2024 01:26:13.079,7.8033600000000005,7.80314,1080,900
24.06.2024 01:26:18.090,7.80335,7.80314,1350,900
24.06.2024 01:26:30.267,7.8033600000000005,7.80314,1350,900
24.06.2024 01:26:31.571,7.80337,7.80314,1080,900
24.06.2024 01:26:45.425,7.8033600000000005,7.80314,1350,900
24.06.2024 01:26:49.133,7.80335,7.80314,1350,900
24.06.2024 01:26:53.793,7.8033600000000005,7.80314,1350,900
24.06.2024 01:26:55.950,7.80337,7.80314,1350,900
24.06.2024 01:27:03.916,7.80335,7.80314,1350,900
24.06.2024 01:27:11.836,7.8033600000000005,7.80314,1080,900
24.06.2024 01:27:17.169,7.80335,7.80314,1080,900
24.06.2024 01:27:22.984,7.8033600000000005,7.80314,1080,900
24.06.2024 01:27:26.996,7.8033399999999995,7.80314,1350,900
24.06.2024 01:27:29.201,7.80337,7.80314,1080,900
24.06.2024 01:27:42.731,7.8033600000000005,7.80314,1350,900
24.06.2024 01:27:47.192,7.80335,7.80314,1350,900
24.06.2024 01:27:50.300,7.8033600000000005,7.80314,1350,900
24.06.2024 01:27:59.551,7.80337,7.80314,1350,900
24.06.2024 01:28:05.613,7.8033600000000005,7.80314,1080,900
24.06.2024 01:28:14.033,7.803380000000001,7.80314,1350,900
24.06.2024 01:28:32.234,7.80337,7.80314,1080,900
24.06.2024 01:28:37.896,7.8033600000000005,7.80314,1080,900
24.06.2024 01:28:51.276,7.803380000000001,7.80314,1080,900
24.06.2024 01:28:53.580,7.80337,7.80314,1080,900
24.06.2024 01:29:00.143,7.8033600000000005,7.80314,1080,900
24.06.2024 01:29:12.071,7.80337,7.80314,1080,900
24.06.2024 01:29:21.144,7.803380000000001,7.80314,1080,900
24.06.2024 01:29:30.569,7.8033600000000005,7.80314,1080,900
24.06.2024 01:29:35.428,7.80337,7.80314,1080,900
24.06.2024 01:29:55.159,7.803380000000001,7.80314,1080,900
24.06.2024 01:30:00.074,7.80337,7.80314,1080,900
24.06.2024 01:30:03.131,7.8033600000000005,7.80314,1080,900
24.06.2024 01:30:05.336,7.80337,7.80314,1080,900
24.06.2024 01:30:31.003,7.8033600000000005,7.8031500000000005,1080,900
24.06.2024 01:30:31.155,7.8033600000000005,7.803160000000001,1080,900
24.06.2024 01:30:32.507,7.803410000000001,7.803160000000001,2069.9999,900
24.06.2024 01:30:59.070,7.803410000000001,7.80318,1080,900
24.06.2024 01:30:59.321,7.8034300000000005,7.80318,900,900
24.06.2024 01:31:05.236,7.80344,7.8032,1350,900
24.06.2024 01:31:10.166,7.803450000000001,7.8032,1980,900
24.06.2024 01:31:12.371,7.8034300000000005,7.8032,1080,900
24.06.2024 01:31:17.429,7.80344,7.8032,1350,900
24.06.2024 01:31:36.122,7.8034300000000005,7.8032,1080,900
24.06.2024 01:31:55.090,7.80344,7.8032,1080,900
24.06.2024 01:32:07.117,7.803450000000001,7.8032,1980,900
24.06.2024 01:32:13.416,7.80344,7.8032,1080,900
24.06.2024 01:32:23.240,7.8034300000000005,7.8032,1080,900
24.06.2024 01:32:37.975,7.803450000000001,7.8032,900,900
24.06.2024 01:32:54.178,7.8034300000000005,7.80317,900,900
24.06.2024 01:32:58.240,7.80342,7.80317,1080,900
24.06.2024 01:33:03.601,7.8034300000000005,7.80317,1980,900
24.06.2024 01:33:04.356,7.8034300000000005,7.803160000000001,1980,900
24.06.2024 01:33:11.270,7.803410000000001,7.803160000000001,1350,900
24.06.2024 01:33:15.199,7.803400000000001,7.803160000000001,1080,900
24.06.2024 01:33:24.772,7.8034300000000005,7.803160000000001,1980,900
24.06.2024 01:33:24.823,7.8034300000000005,7.80319,1080,900
24.06.2024 01:33:33.940,7.80344,7.80319,1980,900
24.06.2024 01:33:38.800,7.8034300000000005,7.80319,1080,900
24.06.2024 01:33:52.139,7.8034300000000005,7.803210000000001,1080,900
24.06.2024 01:33:52.291,7.8034300000000005,7.803260000000001,1080,900
24.06.2024 01:33:52.493,7.80349,7.803260000000001,450,900
24.06.2024 01:33:58.014,7.80347,7.803260000000001,1080,900
24.06.2024 01:34:02.624,7.80347,7.80327,1350,900
24.06.2024 01:34:04.183,7.80349,7.80327,1530,900
24.06.2024 01:34:05.342,7.80347,7.80327,1350,900
24.06.2024 01:34:06.351,7.80349,7.80327,1530,900
24.06.2024 01:34:07.409,7.80348,7.80327,1080,900
24.06.2024 01:34:08.666,7.80349,7.80327,1530,900
24.06.2024 01:34:13.982,7.8035000000000005,7.80327,1080,900
24.06.2024 01:34:15.337,7.8035000000000005,7.80329,1080,900
24.06.2024 01:34:16.242,7.80354,7.80329,900,900
24.06.2024 01:34:18.699,7.80354,7.80332,1080,900
24.06.2024 01:34:18.800,7.80354,7.8033399999999995,1080,900
24.06.2024 01:34:19.253,7.80359,7.8033399999999995,900,900
24.06.2024 01:34:22.049,7.80357,7.80332,900,900
24.06.2024 01:34:24.457,7.80355,7.80332,1080,900
24.06.2024 01:34:26.965,7.803560000000001,7.80332,1350,900
24.06.2024 01:34:32.077,7.803560000000001,7.803310000000001,2250,900
24.06.2024 01:35:06.751,7.803560000000001,7.80335,1350,900
24.06.2024 01:35:06.853,7.803630000000001,7.80342,1350,900
24.06.2024 01:35:08.309,7.80364,7.80342,1350,900
24.06.2024 01:35:10.768,7.80365,7.8034300000000005,1350,900
24.06.2024 01:35:12.724,7.80367,7.8034300000000005,1080,900
24.06.2024 01:35:19.490,7.80367,7.80347,1350,900
24.06.2024 01:35:19.641,7.80367,7.803450000000001,1350,900
24.06.2024 01:35:19.793,7.803680000000001,7.803450000000001,900,900
24.06.2024 01:35:27.112,7.80365,7.80342,900,900
24.06.2024 01:35:27.163,7.803630000000001,7.803380000000001,900,900
24.06.2024 01:35:27.214,7.803610000000001,7.8033600000000005,900,900
24.06.2024 01:35:28.571,7.80357,7.80332,900,900
24.06.2024 01:35:36.997,7.8036,7.8033399999999995,900,900
24.06.2024 01:35:37.048,7.803610000000001,7.8033600000000005,1080,900
24.06.2024 01:35:44.065,7.803560000000001,7.803330000000001,900,900
24.06.2024 01:35:53.584,7.80353,7.803310000000001,900,900
24.06.2024 01:35:53.635,7.8036,7.80335,900,900
24.06.2024 01:35:55.088,7.803580000000001,7.80335,1080,900
24.06.2024 01:36:21.277,7.80357,7.803330000000001,900,900
24.06.2024 01:36:51.823,7.803560000000001,7.803330000000001,1080,900
24.06.2024 01:36:54.078,7.80357,7.803330000000001,900,900
24.06.2024 01:37:18.142,7.803560000000001,7.803330000000001,1080,900
24.06.2024 01:37:20.398,7.803560000000001,7.80332,1980,900
24.06.2024 01:37:42.201,7.80352,7.80327,900,900
24.06.2024 01:37:42.252,7.8035000000000005,7.803260000000001,900,900
24.06.2024 01:37:59.143,7.803460000000001,7.8032200000000005,900,900
24.06.2024 01:38:15.833,7.80347,7.80324,1080,900
24.06.2024 01:38:17.339,7.80348,7.80324,900,900
24.06.2024 01:38:22.517,7.803510000000001,7.8033,1350,900
24.06.2024 01:38:23.073,7.80353,7.8033,900,900
24.06.2024 01:38:36.952,7.80352,7.80329,900,900
24.06.2024 01:40:11.277,7.80353,7.8033,900,900
24.06.2024 01:40:22.179,7.80354,7.8033,900,900
24.06.2024 01:40:27.689,7.80349,7.803260000000001,900,900
24.06.2024 01:40:27.791,7.8034300000000005,7.80319,900,900
24.06.2024 01:40:27.942,7.80349,7.803260000000001,1080,900
24.06.2024 01:40:27.993,7.80353,7.80329,900,900
24.06.2024 01:40:38.071,7.80353,7.8033,900,900
24.06.2024 01:41:11.270,7.80353,7.80329,900,900
24.06.2024 01:41:24.014,7.8035000000000005,7.803280000000001,900,900
24.06.2024 01:41:35.541,7.80349,7.803280000000001,900,900
24.06.2024 01:41:48.070,7.8035000000000005,7.803280000000001,900,900
24.06.2024 01:41:49.975,7.80354,7.803310000000001,900,900
24.06.2024 01:41:56.840,7.80353,7.803310000000001,1080,900
24.06.2024 01:41:58.494,7.80354,7.80332,1080,900
24.06.2024 01:42:30.520,7.80354,7.803310000000001,1080,900
24.06.2024 01:42:31.738,7.80355,7.803310000000001,900,900
24.06.2024 01:42:41.261,7.80354,7.803310000000001,900,900
24.06.2024 01:42:43.118,7.8035000000000005,7.80329,900,900
24.06.2024 01:42:58.050,7.80349,7.803280000000001,900,900
24.06.2024 01:43:13.446,7.80354,7.803310000000001,900,900
24.06.2024 01:43:34.348,7.8035000000000005,7.80329,900,900
24.06.2024 01:43:34.399,7.80354,7.803310000000001,900,900
24.06.2024 01:44:53.642,7.80355,7.803310000000001,900,900
24.06.2024 01:45:09.497,7.80357,7.8033399999999995,1350,900
24.06.2024 01:45:09.598,7.80357,7.803330000000001,2250,900
24.06.2024 01:45:10.352,7.80359,7.803330000000001,900,900
24.06.2024 01:45:10.754,7.803610000000001,7.80335,1980,900
24.06.2024 01:45:16.264,7.803580000000001,7.80335,1080,900
24.06.2024 01:45:22.079,7.803580000000001,7.803410000000001,1080,900
24.06.2024 01:45:22.130,7.803660000000001,7.803410000000001,900,900
24.06.2024 01:45:23.740,7.803660000000001,7.80342,1080,900
24.06.2024 01:45:24.996,7.80367,7.80342,1980,900
24.06.2024 01:45:26.750,7.80367,7.80344,1080,900
24.06.2024 01:45:27.303,7.803680000000001,7.80344,1350,900
24.06.2024 01:45:31.219,7.80369,7.80344,1080,900
24.06.2024 01:45:34.025,7.803680000000001,7.80344,1350,900
24.06.2024 01:45:47.917,7.803680000000001,7.803450000000001,1350,900
24.06.2024 01:45:48.069,7.803680000000001,7.8035000000000005,1350,900
24.06.2024 01:45:49.224,7.803730000000001,7.8035000000000005,1350,900
24.06.2024 01:46:02.905,7.8037399999999995,7.8035000000000005,1080,900
24.06.2024 01:46:04.609,7.803730000000001,7.8035000000000005,1080,900
24.06.2024 01:46:05.111,7.8037,7.803450000000001,900,900
24.06.2024 01:46:05.312,7.803730000000001,7.80349,1080,900
24.06.2024 01:46:05.615,7.803710000000001,7.80349,1080,900
24.06.2024 01:46:10.697,7.8037399999999995,7.80349,1350,900
24.06.2024 01:46:18.068,7.803730000000001,7.80349,1080,900
24.06.2024 01:46:20.725,7.8037399999999995,7.80349,1080,900
24.06.2024 01:46:26.743,7.80375,7.80349,1080,900
24.06.2024 01:46:29.801,7.803760000000001,7.80349,1980,900
24.06.2024 01:46:31.261,7.80375,7.80349,1080,900
24.06.2024 01:46:43.137,7.80375,7.8035000000000005,1080,900
24.06.2024 01:46:48.984,7.803760000000001,7.8035000000000005,900,900
24.06.2024 01:49:17.007,7.8037399999999995,7.8035000000000005,1350,900
24.06.2024 01:49:21.169,7.803730000000001,7.8035000000000005,1080,900
24.06.2024 01:49:28.236,7.803760000000001,7.8035000000000005,900,900
24.06.2024 01:49:31.495,7.80377,7.803330000000001,1350,1350
24.06.2024 01:49:35.529,7.80377,7.80337,1350,1350
24.06.2024 01:49:41.546,7.803800000000001,7.803330000000001,1350,1470
24.06.2024 01:49:42.548,7.803800000000001,7.80335,1080,1080
24.06.2024 01:49:43.550,7.80377,7.8035000000000005,900,900
24.06.2024 01:49:50.068,7.803780000000001,7.8035000000000005,900,900
24.06.2024 01:49:51.171,7.80377,7.8035000000000005,1080,900
24.06.2024 01:49:57.436,7.803780000000001,7.8035000000000005,1080,900
24.06.2024 01:50:04.002,7.803730000000001,7.8035000000000005,1080,900
24.06.2024 01:50:14.525,7.80375,7.8035000000000005,1080,900
24.06.2024 01:50:33.260,7.803760000000001,7.8035000000000005,1080,900
24.06.2024 01:50:34.513,7.80375,7.8035000000000005,1080,900
24.06.2024 01:50:40.779,7.803760000000001,7.8035000000000005,1080,900
24.06.2024 01:50:51.210,7.80375,7.8035000000000005,1080,900
24.06.2024 01:50:56.070,7.803760000000001,7.8035000000000005,1080,900
24.06.2024 01:50:57.127,7.80379,7.8035000000000005,1080,900
24.06.2024 01:51:03.077,7.80375,7.8035000000000005,1080,900
24.06.2024 01:51:06.686,7.803780000000001,7.8035000000000005,1080,900
24.06.2024 01:51:11.299,7.803800000000001,7.8035000000000005,900,900
24.06.2024 01:51:21.615,7.803780000000001,7.8035000000000005,1080,900
24.06.2024 01:51:23.144,7.80379,7.8035000000000005,1350,900
24.06.2024 01:51:26.705,7.803760000000001,7.8035000000000005,1080,900
24.06.2024 01:51:27.809,7.80377,7.8035000000000005,1080,900
24.06.2024 01:51:36.981,7.80372,7.8035000000000005,1080,900
24.06.2024 01:51:40.591,7.803760000000001,7.8035000000000005,1080,900
24.06.2024 01:51:47.908,7.80377,7.8035000000000005,1080,900
24.06.2024 01:51:58.182,7.803730000000001,7.8035000000000005,1080,900
24.06.2024 01:52:02.492,7.80375,7.8035000000000005,1350,900
24.06.2024 01:52:04.880,7.80375,7.80344,1350,900
24.06.2024 01:52:04.932,7.80377,7.80344,1080,900
24.06.2024 01:52:07.089,7.80375,7.80344,1080,900
24.06.2024 01:52:14.908,7.803610000000001,7.803400000000001,900,900
24.06.2024 01:52:49.928,7.80365,7.80344,900,900
24.06.2024 01:53:00.556,7.803660000000001,7.80344,900,900
24.06.2024 01:53:31.291,7.80367,7.80344,900,900
24.06.2024 01:54:01.261,7.80369,7.80349,900,900
24.06.2024 01:54:42.124,7.803730000000001,7.8035000000000005,1080,900
24.06.2024 01:54:43.178,7.80375,7.8035000000000005,1350,900
24.06.2024 01:55:00.574,7.8037399999999995,7.8035000000000005,1080,900
24.06.2024 01:55:02.277,7.80375,7.8035000000000005,1350,900
24.06.2024 01:55:26.648,7.803760000000001,7.8035000000000005,1980,900
24.06.2024 01:55:27.902,7.80375,7.8035000000000005,1350,900
24.06.2024 01:55:31.114,7.803760000000001,7.8035000000000005,2250,900
24.06.2024 01:55:35.374,7.80375,7.8035000000000005,1350,900
24.06.2024 01:55:37.231,7.803730000000001,7.8035000000000005,1350,900
24.06.2024 01:55:39.236,7.803760000000001,7.8035000000000005,900,900
24.06.2024 01:55:44.548,7.8037399999999995,7.8035000000000005,1350,900
24.06.2024 01:55:50.566,7.8037399999999995,7.80349,1080,900
24.06.2024 01:55:50.668,7.803680000000001,7.80348,900,900
24.06.2024 01:55:50.870,7.8037399999999995,7.8035000000000005,1080,900
24.06.2024 01:55:56.134,7.803760000000001,7.8035000000000005,900,900
24.06.2024 01:56:11.154,7.80375,7.8035000000000005,1080,900
24.06.2024 01:56:12.256,7.803760000000001,7.8035000000000005,900,900
24.06.2024 01:56:46.859,7.80372,7.8035000000000005,1350,900
24.06.2024 01:56:51.724,7.8037399999999995,7.8035000000000005,1080,900
24.06.2024 01:56:53.128,7.803730000000001,7.8035000000000005,1080,900
24.06.2024 01:57:17.433,7.803760000000001,7.8035000000000005,1980,900
24.06.2024 01:57:22.795,7.8037399999999995,7.8035000000000005,1350,900
24.06.2024 01:57:23.924,7.80372,7.8035000000000005,1350,900
24.06.2024 01:57:28.637,7.803730000000001,7.8035000000000005,1080,900
24.06.2024 01:57:31.741,7.803730000000001,7.80355,1080,900
24.06.2024 01:57:31.792,7.803800000000001,7.80355,900,900
24.06.2024 01:57:42.167,7.803810000000001,7.80355,2250,900
24.06.2024 01:58:32.569,7.80372,7.803510000000001,900,900
24.06.2024 01:58:35.124,7.80372,7.80352,900,900
24.06.2024 01:58:42.799,7.80377,7.80353,900,900
24.06.2024 01:58:54.375,7.803710000000001,7.80349,900,900
24.06.2024 01:58:58.987,7.80365,7.8034300000000005,900,1080
24.06.2024 01:58:59.089,7.8037,7.80348,900,900
24.06.2024 01:59:31.265,7.803710000000001,7.80348,900,900
24.06.2024 01:59:41.290,7.803710000000001,7.80349,900,900
24.06.2024 01:59:45.950,7.8037399999999995,7.8035000000000005,900,900
24.06.2024 02:00:03.154,7.80372,7.8035000000000005,900,900
24.06.2024 02:00:12.322,7.803780000000001,7.80355,1350,900
24.06.2024 02:00:12.423,7.803800000000001,7.80355,1350,900
24.06.2024 02:00:35.456,7.80379,7.80355,1080,900
24.06.2024 02:00:36.909,7.803800000000001,7.80355,1080,900
24.06.2024 02:00:41.521,7.803810000000001,7.80355,1980,900
24.06.2024 02:00:50.143,7.80375,7.80355,900,900
24.06.2024 02:00:58.614,7.803780000000001,7.8036,1350,900
24.06.2024 02:00:58.967,7.80382,7.8036200000000004,900,900
24.06.2024 02:00:59.118,7.8038300000000005,7.803630000000001,900,900
24.06.2024 02:00:59.169,7.803810000000001,7.803610000000001,900,900
24.06.2024 02:01:02.531,7.8038300000000005,7.803630000000001,900,900
24.06.2024 02:01:04.357,7.803810000000001,7.803610000000001,900,900
24.06.2024 02:01:04.709,7.8038300000000005,7.803630000000001,900,900
24.06.2024 02:01:25.459,7.80384,7.80364,900,900
24.06.2024 02:01:35.232,7.80382,7.8036200000000004,900,900
24.06.2024 02:01:59.622,7.80384,7.80364,900,900
24.06.2024 02:02:09.591,7.8038300000000005,7.803630000000001,900,900
24.06.2024 02:02:15.505,7.80382,7.8036200000000004,900,900
24.06.2024 02:02:50.543,7.8038300000000005,7.803630000000001,900,900
24.06.2024 02:03:00.549,7.80382,7.8036200000000004,900,900
24.06.2024 02:03:21.499,7.80384,7.80364,900,900
24.06.2024 02:03:23.454,7.803850000000001,7.80365,900,900
24.06.2024 02:03:31.292,7.80388,7.803680000000001,2250,900
24.06.2024 02:03:38.266,7.803850000000001,7.80365,900,900
24.06.2024 02:04:49.621,7.80387,7.8037,1350,900
24.06.2024 02:04:49.875,7.8039000000000005,7.8037,900,900
24.06.2024 02:04:54.285,7.80393,7.803730000000001,900,900
24.06.2024 02:04:54.437,7.80395,7.80375,900,900
24.06.2024 02:04:54.538,7.8039700000000005,7.80377,1980,900
24.06.2024 02:05:01.357,7.803960000000001,7.803760000000001,900,900
24.06.2024 02:05:02.109,7.80393,7.803710000000001,900,900
24.06.2024 02:05:02.160,7.803910000000001,7.803710000000001,900,900
24.06.2024 02:05:03.513,7.80389,7.80369,900,900
24.06.2024 02:05:08.028,7.80388,7.803680000000001,900,900
24.06.2024 02:05:21.456,7.80387,7.803660000000001,900,900
24.06.2024 02:05:41.985,7.80388,7.803680000000001,900,900
24.06.2024 02:05:59.682,7.80389,7.80369,900,900
24.06.2024 02:06:48.814,7.80394,7.8037399999999995,900,900
24.06.2024 02:06:48.916,7.80393,7.803730000000001,900,900
24.06.2024 02:06:52.975,7.80399,7.80379,900,900
24.06.2024 02:06:53.127,7.8039700000000005,7.80377,900,900
24.06.2024 02:06:58.495,7.80394,7.803730000000001,900,900
24.06.2024 02:06:58.547,7.80392,7.803710000000001,900,900
24.06.2024 02:06:58.598,7.803910000000001,7.80369,900,900
24.06.2024 02:07:01.360,7.80393,7.803710000000001,900,900
24.06.2024 02:07:18.450,7.80393,7.803730000000001,900,900
24.06.2024 02:07:27.119,7.80395,7.80375,900,900
24.06.2024 02:07:33.235,7.8039700000000005,7.80377,900,900
24.06.2024 02:07:37.279,7.803980000000001,7.80377,900,900
24.06.2024 02:07:55.278,7.8039700000000005,7.803760000000001,900,900
24.06.2024 02:08:10.521,7.8039700000000005,7.80375,900,900
24.06.2024 02:08:20.528,7.8039700000000005,7.8037399999999995,900,900
24.06.2024 02:08:30.556,7.8039700000000005,7.803760000000001,900,900
24.06.2024 02:08:32.663,7.80394,7.803730000000001,900,900
24.06.2024 02:08:39.247,7.80392,7.803680000000001,900,1470
24.06.2024 02:08:39.298,7.80392,7.80372,900,900
24.06.2024 02:09:06.816,7.8039700000000005,7.803730000000001,900,900
24.06.2024 02:09:16.537,7.80392,7.80372,900,900
24.06.2024 02:09:16.588,7.8039700000000005,7.803730000000001,900,900
24.06.2024 02:09:22.100,7.80395,7.803730000000001,900,900
24.06.2024 02:09:32.379,7.80395,7.80372,900,900
24.06.2024 02:10:00.583,7.80395,7.803730000000001,900,900
24.06.2024 02:10:10.760,7.80395,7.80372,900,900
24.06.2024 02:11:22.994,7.803960000000001,7.803760000000001,900,900
24.06.2024 02:11:53.001,7.80395,7.8037399999999995,900,900
24.06.2024 02:11:59.718,7.804010000000001,7.80379,1350,900
24.06.2024 02:12:10.598,7.803960000000001,7.803730000000001,900,900
24.06.2024 02:12:33.075,7.803960000000001,7.8037399999999995,900,900
24.06.2024 02:13:53.406,7.8039700000000005,7.80375,900,900
24.06.2024 02:13:54.109,7.80395,7.8037399999999995,900,900
24.06.2024 02:13:59.120,7.80399,7.80379,900,900
24.06.2024 02:14:19.789,7.804010000000001,7.803810000000001,900,900
24.06.2024 02:14:37.177,7.80399,7.80379,900,900
24.06.2024 02:14:40.836,7.80399,7.80377,900,900
24.06.2024 02:14:44.245,7.804010000000001,7.80379,900,900
24.06.2024 02:14:54.433,7.804,7.803780000000001,900,900
24.06.2024 02:15:00.852,7.80404,7.80384,900,900
24.06.2024 02:15:02.204,7.804,7.803800000000001,900,900
24.06.2024 02:15:02.306,7.804030000000001,7.8038300000000005,900,900
24.06.2024 02:15:02.709,7.804,7.803800000000001,900,900
24.06.2024 02:15:02.811,7.804030000000001,7.8038300000000005,900,900
24.06.2024 02:15:07.222,7.80402,7.80382,900,900
24.06.2024 02:15:07.774,7.804,7.803800000000001,900,900
24.06.2024 02:15:12.584,7.804,7.80379,900,900
24.06.2024 02:15:22.859,7.804,7.80377,900,900
24.06.2024 02:16:16.466,7.80399,7.80377,900,900
24.06.2024 02:16:26.472,7.80394,7.8037399999999995,900,900
24.06.2024 02:21:46.667,7.804,7.80379,900,900
24.06.2024 02:21:47.623,7.80402,7.803800000000001,900,900
24.06.2024 02:21:48.127,7.80404,7.80382,900,900
24.06.2024 02:21:51.688,7.804080000000001,7.80387,900,900
24.06.2024 02:21:51.840,7.80407,7.8038300000000005,900,900
24.06.2024 02:21:51.891,7.8040899999999995,7.803860000000001,900,900
24.06.2024 02:21:54.900,7.804160000000001,7.80395,1080,900
24.06.2024 02:21:54.951,7.80419,7.8039700000000005,900,900
24.06.2024 02:21:55.053,7.80419,7.80395,900,900
24.06.2024 02:22:05.132,7.804210000000001,7.803980000000001,900,900
24.06.2024 02:22:17.328,7.804210000000001,7.8039700000000005,900,990
24.06.2024 02:22:32.765,7.804210000000001,7.803980000000001,900,1080
24.06.2024 02:22:35.321,7.8042300000000004,7.80399,900,900
24.06.2024 02:22:35.472,7.804200000000001,7.80395,900,2099.9999
24.06.2024 02:22:35.523,7.804200000000001,7.80395,900,2069.9999
24.06.2024 02:22:36.576,7.804200000000001,7.803960000000001,900,1080
24.06.2024 02:22:37.928,7.804200000000001,7.803960000000001,900,1200
24.06.2024 02:22:39.235,7.80419,7.803960000000001,900,1200
24.06.2024 02:22:44.594,7.804160000000001,7.80395,900,1170
24.06.2024 02:22:44.797,7.804160000000001,7.80392,900,900
24.06.2024 02:22:45.801,7.804150000000001,7.80389,900,990
24.06.2024 02:22:45.852,7.80412,7.80388,900,1350
24.06.2024 02:22:45.953,7.804060000000001,7.803810000000001,900,1350
24.06.2024 02:22:46.004,7.804010000000001,7.803810000000001,900,1350
24.06.2024 02:22:46.155,7.803980000000001,7.803810000000001,900,1350
24.06.2024 02:22:46.357,7.804030000000001,7.803810000000001,900,2250
24.06.2024 02:22:46.408,7.804060000000001,7.803860000000001,900,900
24.06.2024 02:22:48.386,7.80399,7.80379,900,900
24.06.2024 02:22:51.847,7.803960000000001,7.803760000000001,900,900
24.06.2024 02:22:52.100,7.803980000000001,7.803780000000001,900,900
24.06.2024 02:22:52.905,7.8039700000000005,7.80377,900,900
24.06.2024 02:22:53.056,7.80404,7.80384,900,900
24.06.2024 02:22:53.158,7.80405,7.803860000000001,1080,900
24.06.2024 02:22:54.462,7.804060000000001,7.803860000000001,900,900
24.06.2024 02:22:56.266,7.804030000000001,7.8038300000000005,900,900
24.06.2024 02:22:56.367,7.80407,7.80379,900,900
24.06.2024 02:22:56.820,7.80402,7.80379,1080,900
24.06.2024 02:22:58.174,7.80407,7.80379,1980,900
24.06.2024 02:23:01.931,7.804060000000001,7.80379,1080,900
24.06.2024 02:23:03.387,7.80404,7.80379,1080,900
24.06.2024 02:23:06.848,7.80404,7.803800000000001,1080,900
24.06.2024 02:23:08.151,7.80404,7.8038300000000005,1080,900
24.06.2024 02:23:08.253,7.804060000000001,7.803850000000001,1080,900
24.06.2024 02:23:09.406,7.80407,7.803850000000001,1080,900
24.06.2024 02:23:11.512,7.80407,7.80389,1080,900
24.06.2024 02:23:11.763,7.8040899999999995,7.80389,1080,900
24.06.2024 02:23:14.272,7.8041,7.80389,1080,900
24.06.2024 02:23:14.925,7.8041,7.803860000000001,1080,900
24.06.2024 02:23:14.976,7.8041,7.80379,1980,900
24.06.2024 02:23:15.178,7.8041,7.80389,1080,900
24.06.2024 02:23:15.279,7.8041,7.80392,1080,900
24.06.2024 02:23:15.330,7.804139999999999,7.80392,1080,900
24.06.2024 02:23:16.937,7.8041100000000005,7.803910000000001,900,900
24.06.2024 02:23:21.399,7.804080000000001,7.80388,900,900
24.06.2024 02:23:32.930,7.8041100000000005,7.803910000000001,990,900
24.06.2024 02:23:37.293,7.8041100000000005,7.803910000000001,1020,900
24.06.2024 02:23:43.157,7.80412,7.80392,1020,900
24.06.2024 02:23:45.114,7.8041100000000005,7.803910000000001,1020,900
24.06.2024 02:23:49.172,7.8041100000000005,7.803910000000001,1020,900
24.06.2024 02:23:55.737,7.8040899999999995,7.80389,1020,900
24.06.2024 02:24:02.403,7.80407,7.80387,1020,900
24.06.2024 02:24:02.905,7.804060000000001,7.803860000000001,990,900
24.06.2024 02:24:06.112,7.804030000000001,7.803810000000001,900,900
24.06.2024 02:24:06.213,7.804030000000001,7.803810000000001,1020,900
24.06.2024 02:24:07.015,7.80399,7.80379,990,900
24.06.2024 02:24:18.926,7.804,7.80379,900,900
24.06.2024 02:24:23.691,7.80405,7.803850000000001,1020,900
24.06.2024 02:24:36.371,7.804030000000001,7.8038300000000005,1020,900
24.06.2024 02:24:36.422,7.804030000000001,7.8038300000000005,900,900
24.06.2024 02:24:36.573,7.804080000000001,7.80388,1020,900
24.06.2024 02:24:36.675,7.80405,7.803850000000001,990,900
24.06.2024 02:24:36.777,7.80405,7.803850000000001,1020,900
24.06.2024 02:24:40.442,7.80407,7.8038300000000005,1020,900
24.06.2024 02:24:40.543,7.804080000000001,7.80387,1020,900
24.06.2024 02:24:40.644,7.804080000000001,7.80387,990,900
24.06.2024 02:24:40.897,7.8040899999999995,7.80389,1020,900
24.06.2024 02:24:40.999,7.8040899999999995,7.80389,990,900
24.06.2024 02:24:44.610,7.80412,7.80392,1020,900
24.06.2024 02:24:44.712,7.80405,7.803800000000001,900,1980
24.06.2024 02:24:44.763,7.804200000000001,7.804,900,900
24.06.2024 02:24:44.814,7.80419,7.8039700000000005,900,900
24.06.2024 02:24:48.577,7.80419,7.8039700000000005,1020,900
24.06.2024 02:24:48.879,7.804180000000001,7.80395,1020,900
24.06.2024 02:24:48.930,7.804139999999999,7.80392,1020,1980
24.06.2024 02:24:49.082,7.804139999999999,7.80392,1020,1980
24.06.2024 02:24:52.293,7.804139999999999,7.80394,1020,900
24.06.2024 02:24:53.095,7.804139999999999,7.80394,990,900
24.06.2024 02:24:53.146,7.804180000000001,7.8039700000000005,900,900
24.06.2024 02:24:53.248,7.804200000000001,7.804,900,900
24.06.2024 02:24:58.617,7.804200000000001,7.8039700000000005,1020,900
24.06.2024 02:24:58.669,7.804180000000001,7.80395,990,900
24.06.2024 02:24:58.770,7.804180000000001,7.80395,1020,900
24.06.2024 02:24:59.223,7.804180000000001,7.80395,1020,900
24.06.2024 02:24:59.625,7.804150000000001,7.80393,1020,900
24.06.2024 02:25:01.031,7.804150000000001,7.80393,990,900
24.06.2024 02:25:05.088,7.804150000000001,7.80393,1020,900
24.06.2024 02:25:06.240,7.804150000000001,7.80395,1020,900
24.06.2024 02:25:08.995,7.804160000000001,7.80393,1020,900
24.06.2024 02:25:09.098,7.804160000000001,7.80393,1020,900
24.06.2024 02:25:18.971,7.8040899999999995,7.80389,900,900
24.06.2024 02:27:10.124,7.8040899999999995,7.80388,900,1350
24.06.2024 02:27:10.226,7.80407,7.80388,900,1350
24.06.2024 02:27:11.231,7.80407,7.80384,900,1080
24.06.2024 02:27:11.282,7.8040899999999995,7.80384,900,1080
24.06.2024 02:27:14.145,7.8040899999999995,7.80388,900,1350
24.06.2024 02:27:21.294,7.8041,7.80388,900,1350
24.06.2024 02:27:25.256,7.8041,7.80389,900,1350
24.06.2024 02:28:06.267,7.8041,7.80388,900,1350
24.06.2024 02:28:09.159,7.8041,7.80389,900,1350
24.06.2024 02:29:04.160,7.8041,7.8039000000000005,900,1350
24.06.2024 02:29:51.499,7.8040899999999995,7.8039000000000005,900,1350
24.06.2024 02:29:51.550,7.804060000000001,7.8038300000000005,900,450
24.06.2024 02:29:51.652,7.804080000000001,7.8038300000000005,900,1350
24.06.2024 02:29:51.803,7.80404,7.8038300000000005,900,450
24.06.2024 02:29:51.854,7.804080000000001,7.8038300000000005,900,450
24.06.2024 02:29:51.905,7.80405,7.8038300000000005,900,450
24.06.2024 02:29:51.956,7.80407,7.8038300000000005,900,450
24.06.2024 02:29:52.108,7.80404,7.8038300000000005,900,450
24.06.2024 02:29:52.159,7.80407,7.8038300000000005,900,450
24.06.2024 02:29:52.261,7.804060000000001,7.8038300000000005,900,450
24.06.2024 02:29:52.412,7.80404,7.803810000000001,900,1350
24.06.2024 02:29:52.463,7.80407,7.803810000000001,900,2250
24.06.2024 02:29:52.565,7.80407,7.803850000000001,900,1350
24.06.2024 02:29:54.375,7.80407,7.80387,900,1080
24.06.2024 02:29:56.833,7.80407,7.803850000000001,900,1350
24.06.2024 02:30:07.110,7.804080000000001,7.803850000000001,900,1080
24.06.2024 02:30:16.680,7.804080000000001,7.80387,900,1350
24.06.2024 02:30:27.221,7.804080000000001,7.803860000000001,900,1350
24.06.2024 02:30:45.017,7.804080000000001,7.80387,900,1080
24.06.2024 02:31:13.746,7.804080000000001,7.803850000000001,900,1080
24.06.2024 02:31:16.654,7.804080000000001,7.803860000000001,900,1080
24.06.2024 02:31:17.760,7.80407,7.803850000000001,900,1080
24.06.2024 02:31:17.811,7.80405,7.803850000000001,900,1080
24.06.2024 02:31:17.913,7.80407,7.803850000000001,900,1080
24.06.2024 02:31:19.018,7.80407,7.80384,900,1080
24.06.2024 02:31:20.523,7.80407,7.803850000000001,900,1080
24.06.2024 02:31:27.136,7.80407,7.80384,900,1080
24.06.2024 02:31:28.289,7.80407,7.803860000000001,900,1080
24.06.2024 02:31:28.390,7.804080000000001,7.803860000000001,900,1080
24.06.2024 02:31:34.052,7.804080000000001,7.80384,900,1080
24.06.2024 02:31:38.562,7.804080000000001,7.80388,900,1080
24.06.2024 02:31:39.766,7.804080000000001,7.803850000000001,900,1350
24.06.2024 02:31:40.868,7.804080000000001,7.803860000000001,900,1080
24.06.2024 02:31:44.824,7.804080000000001,7.803850000000001,900,1350
24.06.2024 02:31:50.137,7.804080000000001,7.80384,900,1080
24.06.2024 02:32:05.506,7.804080000000001,7.803850000000001,900,1080
24.06.2024 02:32:06.809,7.804080000000001,7.803860000000001,900,1080
24.06.2024 02:32:08.816,7.804080000000001,7.803850000000001,900,1350
24.06.2024 02:32:10.569,7.804080000000001,7.803860000000001,900,1080
24.06.2024 02:32:12.122,7.804080000000001,7.80388,900,1980
24.06.2024 02:32:45.728,7.80407,7.80387,900,900
24.06.2024 02:32:55.149,7.804080000000001,7.80388,900,900
24.06.2024 02:33:06.928,7.8040899999999995,7.80389,900,900
24.06.2024 02:33:19.654,7.804080000000001,7.803860000000001,900,1080
24.06.2024 02:33:25.783,7.804080000000001,7.80389,900,1080
24.06.2024 02:33:39.917,7.804080000000001,7.80387,900,1080
24.06.2024 02:33:40.270,7.80404,7.8038300000000005,900,450
24.06.2024 02:33:40.321,7.80407,7.8038300000000005,900,450
24.06.2024 02:33:40.623,7.80405,7.8038300000000005,900,450
24.06.2024 02:33:40.775,7.804060000000001,7.8038300000000005,900,450
24.06.2024 02:33:40.876,7.804030000000001,7.8038300000000005,900,450
24.06.2024 02:33:40.978,7.80405,7.8038300000000005,900,450
24.06.2024 02:33:41.280,7.80405,7.803860000000001,900,1080
24.06.2024 02:33:41.533,7.804030000000001,7.803860000000001,900,1080
24.06.2024 02:33:41.584,7.80405,7.803860000000001,900,1080
24.06.2024 02:33:47.804,7.80405,7.80384,900,1080
24.06.2024 02:33:59.484,7.80405,7.80387,900,1080
24.06.2024 02:34:02.641,7.80405,7.803860000000001,900,1080
24.06.2024 02:34:08.506,7.80405,7.80384,900,1080
24.06.2024 02:34:12.265,7.804139999999999,7.80394,900,900
24.06.2024 02:34:20.533,7.80412,7.80392,900,900
24.06.2024 02:34:40.535,7.804130000000001,7.80393,900,900
24.06.2024 02:34:42.337,7.8041100000000005,7.8039000000000005,900,900
24.06.2024 02:34:53.815,7.804130000000001,7.80393,900,900
24.06.2024 02:35:23.869,7.8041100000000005,7.80389,900,900
24.06.2024 02:36:21.260,7.8041100000000005,7.80388,900,900
24.06.2024 02:36:51.260,7.8041100000000005,7.80389,900,900
24.06.2024 02:37:15.119,7.8041100000000005,7.80388,900,900
24.06.2024 02:37:40.588,7.8041,7.80387,900,900
24.06.2024 02:37:50.663,7.8040899999999995,7.80387,900,900
24.06.2024 02:38:21.270,7.8041100000000005,7.80388,900,900
24.06.2024 02:38:36.912,7.8041,7.80388,900,900
24.06.2024 02:39:10.599,7.8040899999999995,7.80388,900,900
24.06.2024 02:39:28.878,7.80407,7.80387,900,900
24.06.2024 02:40:20.847,7.8041,7.80388,900,900
24.06.2024 02:40:31.273,7.8041100000000005,7.80388,900,900
24.06.2024 02:40:49.808,7.80407,7.80387,900,900
24.06.2024 02:41:00.036,7.804060000000001,7.803860000000001,900,2250
24.06.2024 02:41:06.703,7.8040899999999995,7.80388,900,900
24.06.2024 02:41:09.910,7.80412,7.80388,900,900
24.06.2024 02:41:20.036,7.8041100000000005,7.80388,900,900
24.06.2024 02:41:23.192,7.80412,7.8039000000000005,900,900
24.06.2024 02:41:34.360,7.8041100000000005,7.8039000000000005,900,900
24.06.2024 02:41:49.343,7.8041100000000005,7.80389,900,900
24.06.2024 02:41:52.802,7.804160000000001,7.803910000000001,900,900
24.06.2024 02:42:14.499,7.80417,7.803910000000001,900,900
24.06.2024 02:42:14.801,7.804210000000001,7.8039700000000005,1980,900
24.06.2024 02:42:15.304,7.80419,7.80395,900,900
24.06.2024 02:42:18.261,7.804210000000001,7.803980000000001,900,900
24.06.2024 02:42:18.312,7.80419,7.80395,900,900
24.06.2024 02:42:18.363,7.80424,7.804010000000001,990,900
24.06.2024 02:42:18.464,7.80427,7.80405,900,900
24.06.2024 02:42:18.515,7.80432,7.804080000000001,900,900
24.06.2024 02:42:18.566,7.80428,7.80402,900,1980
24.06.2024 02:42:18.617,7.804260000000001,7.80402,900,1080
24.06.2024 02:42:19.373,7.804260000000001,7.804080000000001,900,1350
24.06.2024 02:42:20.377,7.804260000000001,7.80405,900,1350
24.06.2024 02:42:21.481,7.804260000000001,7.804060000000001,900,1350
24.06.2024 02:42:24.139,7.804260000000001,7.804080000000001,900,1080
24.06.2024 02:42:32.113,7.80427,7.804080000000001,900,1350
24.06.2024 02:42:48.557,7.8042300000000004,7.804080000000001,900,1080
24.06.2024 02:42:48.859,7.8042300000000004,7.804010000000001,900,450
24.06.2024 02:42:48.960,7.8042300000000004,7.803980000000001,900,1080
24.06.2024 02:42:49.914,7.8042300000000004,7.80404,900,1080
24.06.2024 02:42:58.701,7.80422,7.80404,900,1080
24.06.2024 02:43:00.256,7.80422,7.804030000000001,900,1080
24.06.2024 02:43:17.652,7.80428,7.80405,900,900
24.06.2024 02:43:21.718,7.80427,7.80404,900,900
24.06.2024 02:43:35.503,7.804260000000001,7.804030000000001,900,900
24.06.2024 02:43:46.820,7.80428,7.80404,900,900
24.06.2024 02:43:46.871,7.804380000000001,7.804150000000001,900,900
24.06.2024 02:43:46.972,7.804430000000001,7.804210000000001,900,900
24.06.2024 02:43:54.896,7.80442,7.80419,900,900
24.06.2024 02:44:14.193,7.80439,7.804160000000001,900,900
24.06.2024 02:44:30.251,7.8044,7.804160000000001,900,900
24.06.2024 02:44:30.403,7.80442,7.804180000000001,900,900
24.06.2024 02:44:35.066,7.80445,7.80422,900,900
24.06.2024 02:44:35.117,7.804480000000001,7.80424,900,900
24.06.2024 02:44:41.885,7.80447,7.8042300000000004,900,900
24.06.2024 02:44:45.542,7.80444,7.80422,900,900
24.06.2024 02:44:56.818,7.804460000000001,7.8042300000000004,900,900
24.06.2024 02:45:06.942,7.80445,7.8042300000000004,900,900
24.06.2024 02:45:09.249,7.804430000000001,7.8042300000000004,900,900
24.06.2024 02:45:31.254,7.80444,7.8042300000000004,900,900
24.06.2024 02:45:41.278,7.804430000000001,7.8042300000000004,900,900
24.06.2024 02:45:56.367,7.80447,7.80424,900,900
24.06.2024 02:46:16.334,7.80445,7.8042300000000004,900,900
24.06.2024 02:46:19.045,7.80442,7.80419,900,900
24.06.2024 02:46:29.068,7.804430000000001,7.804200000000001,900,900
24.06.2024 02:46:32.424,7.80447,7.80424,900,900
24.06.2024 02:46:56.993,7.8045,7.8043000000000005,900,900
24.06.2024 02:47:02.977,7.8044899999999995,7.80429,900,900
24.06.2024 02:47:09.794,7.8045,7.8043000000000005,900,900
24.06.2024 02:47:10.597,7.804510000000001,7.804310000000001,900,900
24.06.2024 02:47:12.404,7.804530000000001,7.80432,900,900
24.06.2024 02:47:22.833,7.8044899999999995,7.804260000000001,900,900
24.06.2024 02:47:25.390,7.804480000000001,7.804250000000001,900,900
24.06.2024 02:47:32.505,7.80445,7.8042300000000004,900,900
24.06.2024 02:48:01.281,7.80444,7.804210000000001,900,900
24.06.2024 02:48:05.941,7.80447,7.80424,900,900
24.06.2024 02:48:10.656,7.8045,7.8043000000000005,900,900
24.06.2024 02:48:19.072,7.804510000000001,7.804310000000001,900,900
24.06.2024 02:48:29.147,7.80452,7.80432,900,900
24.06.2024 02:48:38.622,7.804530000000001,7.804330000000001,900,900
24.06.2024 02:49:14.860,7.8045,7.8043000000000005,900,900
24.06.2024 02:49:14.962,7.8044899999999995,7.80429,900,900
24.06.2024 02:49:15.416,7.804460000000001,7.804260000000001,900,900
24.06.2024 02:49:15.568,7.80444,7.80424,900,900
24.06.2024 02:49:15.669,7.8045,7.80424,2099.9999,900
24.06.2024 02:49:16.873,7.8044899999999995,7.80429,1200,900
24.06.2024 02:49:16.974,7.8044899999999995,7.80429,1170,900
24.06.2024 02:49:25.251,7.804539999999999,7.804310000000001,1470,900
24.06.2024 02:49:25.352,7.804539999999999,7.80432,1470,900
24.06.2024 02:49:25.554,7.804539999999999,7.80432,1440.0001,900
24.06.2024 02:49:26.457,7.80457,7.80432,1200,900
24.06.2024 02:49:26.558,7.80457,7.80432,1170,900
24.06.2024 02:49:28.312,7.8045800000000005,7.80435,1440.0001,900
24.06.2024 02:49:29.017,7.8045800000000005,7.804360000000001,1350,900
24.06.2024 02:49:29.569,7.804600000000001,7.804360000000001,1170,900
24.06.2024 02:49:31.726,7.804610000000001,7.80435,2099.9999,900
24.06.2024 02:49:31.828,7.80459,7.804330000000001,1020,900
24.06.2024 02:49:31.879,7.80459,7.804330000000001,1020,900
24.06.2024 02:49:31.930,7.80457,7.80429,1020,900
