Gmt time,Ask,Bid,AskVolume,BidVolume
24.06.2024 00:00:00.190,4.05002,4.0471900000000005,360,900
24.06.2024 00:00:00.242,4.05002,4.04724,360,900
24.06.2024 00:00:00.595,4.049790000000001,4.04725,360,900
24.06.2024 00:00:14.282,4.04989,4.04725,360,900
24.06.2024 00:00:19.397,4.05,4.0471900000000005,360,360
24.06.2024 00:00:19.598,4.05,4.04741,360,900
24.06.2024 00:00:19.900,4.05009,4.04741,360,900
24.06.2024 00:00:20.001,4.05009,4.04737,360,900
24.06.2024 00:00:20.052,4.05008,4.04781,360,900
24.06.2024 00:00:20.454,4.05008,4.0478000000000005,360,900
24.06.2024 00:00:21.207,4.05008,4.04777,360,900
24.06.2024 00:00:21.459,4.05009,4.04777,900,900
24.06.2024 00:00:23.013,4.0502,4.04781,360,900
24.06.2024 00:00:23.064,4.05029,4.04781,900,900
24.06.2024 00:00:23.164,4.0503,4.04783,360,900
24.06.2024 00:00:23.215,4.05026,4.04778,900,900
24.06.2024 00:00:30.141,4.05027,4.0478000000000005,900,900
24.06.2024 00:00:51.199,4.05026,4.0478000000000005,900,900
24.06.2024 00:00:53.454,4.05026,4.04781,900,900
24.06.2024 00:00:53.555,4.05039,4.04802,900,900
24.06.2024 00:00:55.013,4.05013,4.048,900,900
24.06.2024 00:00:55.316,4.05016,4.047980000000001,900,900
24.06.2024 00:00:56.219,4.05032,4.0483,360,900
24.06.2024 00:00:56.320,4.05032,4.04831,360,900
24.06.2024 00:00:56.472,4.05087,4.0483199999999995,360,900
24.06.2024 00:00:56.523,4.05087,4.04837,360,900
24.06.2024 00:00:56.674,4.05088,4.04837,360,900
24.06.2024 00:00:56.775,4.05088,4.04859,360,900
24.06.2024 00:00:56.926,4.05062,4.048380000000001,900,900
24.06.2024 00:00:57.178,4.0505,4.04839,900,900
24.06.2024 00:00:58.982,4.0506400000000005,4.048380000000001,900,900
24.06.2024 00:00:59.083,4.05062,4.04839,900,900
24.06.2024 00:01:02.461,4.05084,4.048290000000001,360,900
24.06.2024 00:01:02.662,4.05091,4.048290000000001,360,900
24.06.2024 00:01:02.963,4.05091,4.0483400000000005,360,900
24.06.2024 00:01:03.416,4.0507800000000005,4.0483199999999995,900,900
24.06.2024 00:01:05.122,4.05079,4.0483199999999995,900,900
24.06.2024 00:01:05.574,4.0509900000000005,4.04835,360,900
24.06.2024 00:01:05.675,4.05091,4.0483400000000005,360,900
24.06.2024 00:01:06.278,4.05091,4.04854,360,900
24.06.2024 00:01:06.379,4.05091,4.04857,360,900
24.06.2024 00:01:06.683,4.05091,4.04862,360,900
24.06.2024 00:01:06.733,4.0511,4.04863,360,900
24.06.2024 00:01:06.785,4.05102,4.0485500000000005,900,900
24.06.2024 00:01:07.540,4.051200000000001,4.04872,900,900
24.06.2024 00:01:09.448,4.0514,4.04882,360,900
24.06.2024 00:01:09.951,4.0513900000000005,4.04898,360,900
24.06.2024 00:01:10.002,4.0517900000000004,4.04897,360,900
24.06.2024 00:01:10.253,4.051780000000001,4.04919,360,900
24.06.2024 00:01:10.353,4.051780000000001,4.0492,360,900
24.06.2024 00:01:10.454,4.0518600000000005,4.04919,360,900
24.06.2024 00:01:10.656,4.05184,4.04922,900,900
24.06.2024 00:01:10.807,4.05168,4.0492300000000006,900,900
24.06.2024 00:01:11.209,4.05165,4.049180000000001,900,900
24.06.2024 00:01:11.360,4.05189,4.04916,360,900
24.06.2024 00:01:11.561,4.0518600000000005,4.0492,360,900
24.06.2024 00:01:12.967,4.05185,4.04916,360,900
24.06.2024 00:01:13.318,4.05175,4.0492,900,900
24.06.2024 00:01:13.419,4.05165,4.04889,900,900
24.06.2024 00:01:13.520,4.05135,4.04897,900,900
24.06.2024 00:01:18.686,4.05133,4.04861,900,900
24.06.2024 00:01:18.787,4.05109,4.04866,900,900
24.06.2024 00:01:19.592,4.05105,4.04866,360,900
24.06.2024 00:01:24.156,4.050940000000001,4.0486699999999995,900,900
24.06.2024 00:01:30.422,4.050940000000001,4.04868,900,900
24.06.2024 00:01:30.623,4.05104,4.04865,360,900
24.06.2024 00:01:30.724,4.05105,4.04871,360,900
24.06.2024 00:01:30.875,4.05105,4.048690000000001,360,900
24.06.2024 00:01:30.976,4.05133,4.04894,360,900
24.06.2024 00:01:31.178,4.05132,4.04894,360,900
24.06.2024 00:01:31.278,4.05132,4.04897,1260,900
24.06.2024 00:01:31.580,4.051290000000001,4.04896,900,900
24.06.2024 00:01:31.681,4.051200000000001,4.0489500000000005,900,900
24.06.2024 00:01:32.534,4.0513699999999995,4.0489500000000005,360,900
24.06.2024 00:01:32.585,4.051430000000001,4.0489500000000005,360,900
24.06.2024 00:01:32.686,4.05142,4.04898,360,900
24.06.2024 00:01:32.937,4.051,4.04876,900,900
24.06.2024 00:01:33.188,4.05088,4.04876,900,900
24.06.2024 00:01:40.775,4.051,4.04876,900,900
24.06.2024 00:01:41.027,4.05088,4.04877,900,900
24.06.2024 00:01:41.779,4.051,4.04876,900,900
24.06.2024 00:01:58.467,4.0509,4.04876,900,900
24.06.2024 00:02:04.280,4.050890000000001,4.04861,900,900
24.06.2024 00:02:10.345,4.05087,4.04863,900,900
24.06.2024 00:02:21.808,4.05086,4.0484,900,900
24.06.2024 00:02:21.910,4.05062,4.0483199999999995,900,900
24.06.2024 00:02:38.645,4.05082,4.04853,900,900
24.06.2024 00:02:51.162,4.05081,4.04853,900,900
24.06.2024 00:02:54.221,4.05091,4.04875,360,900
24.06.2024 00:02:54.973,4.05102,4.0487400000000004,900,900
24.06.2024 00:03:06.255,4.051,4.0487400000000004,900,900
24.06.2024 00:03:13.531,4.05081,4.048730000000001,900,900
24.06.2024 00:03:14.585,4.0508500000000005,4.04851,900,900
24.06.2024 00:03:14.736,4.05087,4.0487,900,900
24.06.2024 00:03:24.729,4.05086,4.048690000000001,900,900
24.06.2024 00:03:34.504,4.05083,4.04844,900,900
24.06.2024 00:03:34.655,4.0508500000000005,4.04863,900,900
24.06.2024 00:03:43.777,4.051030000000001,4.0488100000000005,360,900
24.06.2024 00:03:43.931,4.05107,4.0488100000000005,900,900
24.06.2024 00:03:55.760,4.05105,4.04866,900,900
24.06.2024 00:03:55.911,4.05109,4.0488100000000005,900,900
24.06.2024 00:03:56.012,4.050800000000001,4.048780000000001,900,900
24.06.2024 00:03:58.241,4.050800000000001,4.0487400000000004,900,900
24.06.2024 00:04:01.602,4.050630000000001,4.0486,900,900
24.06.2024 00:04:11.729,4.05062,4.04862,900,900
24.06.2024 00:04:21.701,4.05061,4.04859,900,900
24.06.2024 00:04:24.911,4.05043,4.048430000000001,900,900
24.06.2024 00:04:33.336,4.05069,4.04852,900,900
24.06.2024 00:04:43.498,4.05069,4.04854,900,900
24.06.2024 00:05:03.901,4.0504,4.04822,900,900
24.06.2024 00:05:04.404,4.0504,4.0479199999999995,900,360
24.06.2024 00:05:04.505,4.05016,4.048080000000001,900,900
24.06.2024 00:05:05.861,4.05012,4.0477300000000005,900,360
24.06.2024 00:05:05.962,4.05011,4.0477300000000005,900,360
24.06.2024 00:05:06.113,4.05015,4.0479400000000005,900,900
24.06.2024 00:05:08.067,4.05012,4.04769,900,900
24.06.2024 00:05:08.218,4.050140000000001,4.04795,900,900
24.06.2024 00:05:11.123,4.05011,4.0479199999999995,900,900
24.06.2024 00:05:21.163,4.05009,4.047930000000001,900,900
24.06.2024 00:05:25.623,4.05009,4.0477300000000005,900,900
24.06.2024 00:05:25.674,4.0499600000000004,4.0476600000000005,900,360
24.06.2024 00:05:25.775,4.0498400000000006,4.04782,900,900
24.06.2024 00:05:25.927,4.0498,4.04767,900,360
24.06.2024 00:05:26.028,4.04985,4.0476600000000005,900,1260
24.06.2024 00:05:26.179,4.0499,4.04743,900,900
24.06.2024 00:05:26.280,4.04995,4.04785,900,900
24.06.2024 00:05:27.083,4.049880000000001,4.04742,900,1260
24.06.2024 00:05:29.737,4.04994,4.04771,900,900
24.06.2024 00:05:30.940,4.04989,4.04741,900,360
24.06.2024 00:05:31.191,4.04989,4.04742,900,1260
24.06.2024 00:05:34.647,4.0499600000000004,4.0477300000000005,900,900
24.06.2024 00:05:34.748,4.04992,4.04741,900,360
24.06.2024 00:05:41.163,4.04994,4.04742,900,360
24.06.2024 00:05:42.567,4.0497000000000005,4.04741,900,360
24.06.2024 00:05:42.768,4.0497000000000005,4.04731,900,360
24.06.2024 00:05:43.274,4.04952,4.047000000000001,900,1260
24.06.2024 00:05:45.129,4.0494900000000005,4.04751,900,900
24.06.2024 00:05:45.380,4.049440000000001,4.04701,900,900
24.06.2024 00:05:45.681,4.04914,4.0469,900,360
24.06.2024 00:05:46.133,4.04914,4.046830000000001,900,900
24.06.2024 00:05:46.184,4.04917,4.04675,900,360
24.06.2024 00:05:46.736,4.04917,4.04667,900,900
24.06.2024 00:05:49.041,4.04892,4.0465800000000005,900,900
24.06.2024 00:05:49.994,4.049040000000001,4.0467900000000006,900,900
24.06.2024 00:05:50.997,4.0491,4.04654,900,900
24.06.2024 00:05:51.199,4.049130000000001,4.04655,900,900
24.06.2024 00:05:51.300,4.04927,4.046530000000001,360,900
24.06.2024 00:05:51.450,4.04927,4.04724,360,900
24.06.2024 00:05:51.551,4.04927,4.047230000000001,360,900
24.06.2024 00:05:51.652,4.04926,4.04743,360,900
24.06.2024 00:05:51.703,4.04927,4.04739,360,900
24.06.2024 00:05:51.754,4.04937,4.04739,900,900
24.06.2024 00:05:52.657,4.04973,4.04701,360,900
24.06.2024 00:05:52.958,4.049300000000001,4.046880000000001,900,900
24.06.2024 00:05:53.560,4.04927,4.04686,900,360
24.06.2024 00:05:53.611,4.04927,4.04675,900,900
24.06.2024 00:05:53.712,4.04905,4.0467,900,900
24.06.2024 00:05:54.565,4.04946,4.04741,360,900
24.06.2024 00:05:54.716,4.0494,4.04713,900,900
24.06.2024 00:05:54.867,4.0495,4.04751,900,900
24.06.2024 00:05:55.671,4.049440000000001,4.047090000000001,900,900
24.06.2024 00:05:55.822,4.0494900000000005,4.04739,900,900
24.06.2024 00:05:56.174,4.04942,4.04694,900,900
24.06.2024 00:05:58.030,4.04921,4.04673,900,900
24.06.2024 00:05:58.583,4.04936,4.04743,360,900
24.06.2024 00:05:58.884,4.04936,4.04707,360,900
24.06.2024 00:05:59.086,4.049530000000001,4.04756,900,900
24.06.2024 00:06:01.195,4.04954,4.04755,900,900
24.06.2024 00:06:06.004,4.04938,4.04738,900,900
24.06.2024 00:06:06.406,4.04931,4.04699,900,900
24.06.2024 00:06:06.658,4.049080000000001,4.04685,900,360
24.06.2024 00:06:06.759,4.049080000000001,4.046740000000001,900,900
24.06.2024 00:06:06.860,4.04945,4.047000000000001,360,900
24.06.2024 00:06:06.910,4.049440000000001,4.04725,360,900
24.06.2024 00:06:07.112,4.04945,4.04751,360,900
24.06.2024 00:06:07.313,4.04959,4.04751,900,900
24.06.2024 00:06:07.815,4.04976,4.04764,900,900
24.06.2024 00:06:08.267,4.05013,4.047680000000001,360,900
24.06.2024 00:06:08.317,4.05012,4.04788,900,900
24.06.2024 00:06:08.419,4.05013,4.04823,360,900
24.06.2024 00:06:08.520,4.05013,4.04826,360,900
24.06.2024 00:06:08.922,4.05039,4.04825,900,900
24.06.2024 00:06:11.180,4.0503800000000005,4.04821,900,900
24.06.2024 00:06:14.791,4.05062,4.04825,360,900
24.06.2024 00:06:14.841,4.05062,4.04849,360,900
24.06.2024 00:06:14.943,4.05061,4.04871,360,900
24.06.2024 00:06:14.993,4.05062,4.0486699999999995,360,900
24.06.2024 00:06:15.094,4.05062,4.0484800000000005,360,900
24.06.2024 00:06:15.295,4.05072,4.04849,900,900
24.06.2024 00:06:15.547,4.05082,4.0483199999999995,360,900
24.06.2024 00:06:15.597,4.05081,4.04842,360,900
24.06.2024 00:06:15.698,4.05082,4.04866,360,900
24.06.2024 00:06:15.799,4.051200000000001,4.0487,360,900
24.06.2024 00:06:16.102,4.05119,4.049,360,900
24.06.2024 00:06:16.353,4.05144,4.048990000000001,360,900
24.06.2024 00:06:16.655,4.051430000000001,4.04926,360,900
24.06.2024 00:06:16.856,4.05189,4.04925,360,900
24.06.2024 00:06:16.957,4.05189,4.04897,360,360
24.06.2024 00:06:17.008,4.05189,4.04933,360,900
24.06.2024 00:06:17.109,4.05189,4.04897,360,360
24.06.2024 00:06:17.160,4.05173,4.04897,900,360
24.06.2024 00:06:17.261,4.05131,4.04897,900,360
24.06.2024 00:06:17.462,4.05112,4.049,900,900
24.06.2024 00:06:17.613,4.05156,4.04877,360,900
24.06.2024 00:06:17.714,4.05124,4.04879,900,900
24.06.2024 00:06:17.815,4.05095,4.0488100000000005,900,900
24.06.2024 00:06:18.017,4.05116,4.04885,900,900
24.06.2024 00:06:23.934,4.0513699999999995,4.04912,360,900
24.06.2024 00:06:24.035,4.05136,4.0493500000000004,360,900
24.06.2024 00:06:24.186,4.0513699999999995,4.049,360,900
24.06.2024 00:06:24.287,4.0513699999999995,4.04879,360,900
24.06.2024 00:06:24.337,4.05136,4.04922,360,900
24.06.2024 00:06:24.389,4.0513699999999995,4.04847,360,360
24.06.2024 00:06:24.489,4.05168,4.04865,900,900
24.06.2024 00:06:24.741,4.05142,4.04916,900,900
24.06.2024 00:06:24.842,4.05133,4.04875,900,900
24.06.2024 00:06:24.942,4.05128,4.04905,900,900
24.06.2024 00:06:25.143,4.05142,4.04885,360,900
24.06.2024 00:06:25.194,4.05126,4.04897,900,900
24.06.2024 00:06:25.545,4.051480000000001,4.04936,900,900
24.06.2024 00:06:25.696,4.0515300000000005,4.048730000000001,360,900
24.06.2024 00:06:25.997,4.051480000000001,4.049130000000001,900,900
24.06.2024 00:06:26.148,4.05155,4.0492300000000006,360,900
24.06.2024 00:06:26.349,4.05155,4.04872,360,900
24.06.2024 00:06:26.450,4.05154,4.04863,360,360
24.06.2024 00:06:26.501,4.05149,4.04903,900,900
24.06.2024 00:06:26.652,4.05166,4.04856,360,900
24.06.2024 00:06:26.803,4.05166,4.048780000000001,1260,900
24.06.2024 00:06:27.005,4.051340000000001,4.048900000000001,900,900
24.06.2024 00:06:29.461,4.0515,4.04897,360,900
24.06.2024 00:06:29.612,4.05147,4.04892,900,900
24.06.2024 00:06:30.265,4.05112,4.04863,900,900
24.06.2024 00:06:30.366,4.05112,4.04885,900,900
24.06.2024 00:06:31.570,4.05131,4.04898,360,900
24.06.2024 00:06:31.721,4.05131,4.04901,360,900
24.06.2024 00:06:31.822,4.05131,4.0487,360,900
24.06.2024 00:06:31.923,4.05141,4.0492,900,900
24.06.2024 00:06:32.023,4.05171,4.0490699999999995,360,900
24.06.2024 00:06:32.124,4.05117,4.0488100000000005,900,360
24.06.2024 00:06:32.225,4.05133,4.04906,900,900
24.06.2024 00:06:32.427,4.05132,4.048730000000001,900,900
24.06.2024 00:06:32.528,4.05105,4.04879,900,900
24.06.2024 00:06:33.933,4.0507800000000005,4.04859,900,900
24.06.2024 00:06:41.202,4.05076,4.04857,900,900
24.06.2024 00:06:43.257,4.051030000000001,4.04849,360,900
24.06.2024 00:06:43.307,4.051030000000001,4.0487400000000004,360,900
24.06.2024 00:06:43.408,4.05104,4.0488100000000005,360,900
24.06.2024 00:06:43.560,4.05104,4.04876,360,900
24.06.2024 00:06:43.660,4.051430000000001,4.049,360,900
24.06.2024 00:06:43.962,4.051380000000001,4.049080000000001,900,900
24.06.2024 00:06:44.063,4.05142,4.049130000000001,360,900
24.06.2024 00:06:44.114,4.05158,4.049130000000001,900,900
24.06.2024 00:06:44.215,4.0514,4.049080000000001,900,900
24.06.2024 00:06:44.316,4.05157,4.04914,900,900
24.06.2024 00:06:44.568,4.05171,4.04911,360,900
24.06.2024 00:06:45.197,4.05171,4.04914,360,900
24.06.2024 00:06:45.499,4.0515,4.0490900000000005,900,900
24.06.2024 00:06:45.600,4.05126,4.04896,900,360
24.06.2024 00:06:45.701,4.05122,4.04859,900,900
24.06.2024 00:06:45.802,4.05126,4.0488100000000005,900,900
24.06.2024 00:06:46.555,4.051430000000001,4.048990000000001,360,900
24.06.2024 00:06:46.658,4.05124,4.04891,900,900
24.06.2024 00:06:47.862,4.051430000000001,4.048990000000001,360,900
24.06.2024 00:06:48.115,4.05142,4.0492300000000006,360,900
24.06.2024 00:06:48.215,4.05142,4.04921,360,900
24.06.2024 00:06:48.266,4.05154,4.0492,900,900
24.06.2024 00:06:48.317,4.051740000000001,4.04922,360,900
24.06.2024 00:06:48.419,4.05173,4.04942,360,900
24.06.2024 00:06:48.520,4.05173,4.049480000000001,360,900
24.06.2024 00:06:48.872,4.05192,4.04947,360,900
24.06.2024 00:06:49.124,4.0519300000000005,4.049440000000001,360,900
24.06.2024 00:06:49.325,4.0519300000000005,4.04962,360,900
24.06.2024 00:06:49.375,4.05198,4.04941,900,900
24.06.2024 00:06:49.526,4.05201,4.04957,900,900
24.06.2024 00:06:49.627,4.052180000000001,4.049130000000001,360,900
24.06.2024 00:06:49.778,4.051780000000001,4.049480000000001,900,900
24.06.2024 00:06:49.879,4.05175,4.04928,900,360
24.06.2024 00:06:50.080,4.051950000000001,4.04928,900,360
24.06.2024 00:06:50.130,4.05185,4.04955,900,900
24.06.2024 00:06:50.281,4.05159,4.04928,900,360
24.06.2024 00:06:50.382,4.05161,4.04931,900,900
24.06.2024 00:06:50.734,4.05136,4.04897,900,900
24.06.2024 00:06:50.835,4.0513699999999995,4.04914,900,900
24.06.2024 00:06:51.187,4.0513699999999995,4.049130000000001,900,900
24.06.2024 00:06:51.238,4.05159,4.04917,360,900
24.06.2024 00:06:51.339,4.05159,4.04871,360,360
24.06.2024 00:06:51.540,4.05136,4.04922,900,900
24.06.2024 00:06:51.691,4.05158,4.0492,360,900
24.06.2024 00:06:51.742,4.05159,4.04921,360,900
24.06.2024 00:06:51.793,4.0513900000000005,4.0488800000000005,900,900
24.06.2024 00:06:51.894,4.051430000000001,4.04911,900,900
24.06.2024 00:06:52.346,4.051480000000001,4.0490900000000005,360,900
24.06.2024 00:06:52.397,4.051480000000001,4.0490699999999995,360,900
24.06.2024 00:06:52.498,4.0513699999999995,4.0490900000000005,900,900
24.06.2024 00:06:52.649,4.0516000000000005,4.04911,360,900
24.06.2024 00:06:52.749,4.05159,4.04876,360,900
24.06.2024 00:06:52.901,4.051380000000001,4.04924,900,900
24.06.2024 00:06:53.353,4.05135,4.04892,900,900
24.06.2024 00:06:53.454,4.051380000000001,4.04894,900,900
24.06.2024 00:06:53.555,4.05117,4.04901,900,900
24.06.2024 00:06:53.757,4.051430000000001,4.0488100000000005,900,900
24.06.2024 00:06:53.858,4.05154,4.04877,360,900
24.06.2024 00:06:53.908,4.05131,4.04901,900,900
24.06.2024 00:06:54.110,4.051480000000001,4.0488,360,360
24.06.2024 00:06:54.261,4.05149,4.04885,360,900
24.06.2024 00:06:54.613,4.05131,4.0487,900,360
24.06.2024 00:06:54.714,4.05141,4.0487,360,360
24.06.2024 00:06:55.016,4.05141,4.0492300000000006,360,900
24.06.2024 00:06:55.117,4.05177,4.04893,360,360
24.06.2024 00:06:55.570,4.051740000000001,4.04892,900,360
24.06.2024 00:06:55.671,4.051780000000001,4.0492300000000006,360,900
24.06.2024 00:06:55.822,4.05157,4.04905,900,900
24.06.2024 00:06:55.873,4.05155,4.04901,900,360
24.06.2024 00:06:55.974,4.0513,4.04902,900,360
24.06.2024 00:06:56.075,4.05128,4.04901,900,360
24.06.2024 00:06:56.175,4.05128,4.04868,900,900
24.06.2024 00:06:56.226,4.05158,4.04863,360,360
24.06.2024 00:06:56.277,4.0514,4.048830000000001,900,900
24.06.2024 00:06:56.428,4.0511,4.04865,900,900
24.06.2024 00:06:56.529,4.05112,4.04863,900,360
24.06.2024 00:06:56.579,4.05117,4.04866,900,900
24.06.2024 00:06:56.680,4.05093,4.04876,900,900
24.06.2024 00:07:01.195,4.05092,4.04872,900,900
24.06.2024 00:07:02.199,4.05127,4.0488,360,900
24.06.2024 00:07:02.300,4.05127,4.04894,360,900
24.06.2024 00:07:02.401,4.05127,4.04902,360,900
24.06.2024 00:07:02.452,4.05127,4.0488,360,900
24.06.2024 00:07:02.553,4.05127,4.0490699999999995,360,900
24.06.2024 00:07:02.654,4.05126,4.04856,360,900
24.06.2024 00:07:02.755,4.0516000000000005,4.04924,360,900
24.06.2024 00:07:02.956,4.05159,4.04887,360,360
24.06.2024 00:07:03.158,4.0516000000000005,4.04911,1260,900
24.06.2024 00:07:03.309,4.051830000000001,4.04906,360,900
24.06.2024 00:07:03.710,4.051830000000001,4.04925,360,900
24.06.2024 00:07:03.811,4.05187,4.04897,360,360
24.06.2024 00:07:03.862,4.05171,4.04905,900,900
24.06.2024 00:07:03.912,4.0518600000000005,4.04897,900,360
24.06.2024 00:07:04.063,4.0518600000000005,4.04905,360,900
24.06.2024 00:07:04.164,4.0518600000000005,4.04945,360,900
24.06.2024 00:07:04.265,4.05184,4.04916,900,900
24.06.2024 00:07:04.367,4.05201,4.04936,360,900
24.06.2024 00:07:04.417,4.05202,4.04889,360,900
24.06.2024 00:07:04.468,4.05201,4.04853,360,360
24.06.2024 00:07:04.569,4.05202,4.049080000000001,360,900
24.06.2024 00:07:04.770,4.05202,4.049530000000001,360,900
24.06.2024 00:07:04.871,4.05205,4.049530000000001,360,900
24.06.2024 00:07:04.922,4.05205,4.049080000000001,360,360
24.06.2024 00:07:05.374,4.05205,4.04957,360,900
24.06.2024 00:07:05.526,4.05205,4.04919,360,360
24.06.2024 00:07:05.978,4.052130000000001,4.0492,360,360
24.06.2024 00:07:06.280,4.05062,4.04748,360,360
24.06.2024 00:07:06.331,4.05062,4.04764,360,900
24.06.2024 00:07:06.432,4.05036,4.04748,900,360
24.06.2024 00:07:06.583,4.050330000000001,4.047490000000001,900,360
24.06.2024 00:07:06.684,4.04976,4.047490000000001,900,360
24.06.2024 00:07:06.835,4.04976,4.04744,900,360
24.06.2024 00:07:07.387,4.04976,4.04702,900,360
24.06.2024 00:07:07.438,4.049880000000001,4.04701,900,360
24.06.2024 00:07:07.539,4.04968,4.04702,900,360
24.06.2024 00:07:07.690,4.04964,4.04702,900,360
24.06.2024 00:07:07.791,4.04987,4.04701,900,360
24.06.2024 00:07:07.892,4.04959,4.04669,360,360
24.06.2024 00:07:08.194,4.04959,4.046830000000001,360,900
24.06.2024 00:07:08.245,4.04959,4.04669,360,360
24.06.2024 00:07:08.496,4.04946,4.04675,360,360
24.06.2024 00:07:09.149,4.04957,4.0466500000000005,360,900
24.06.2024 00:07:09.652,4.0494900000000005,4.04666,360,900
24.06.2024 00:07:10.555,4.0495,4.046740000000001,360,360
24.06.2024 00:07:11.910,4.0496300000000005,4.04675,360,360
24.06.2024 00:07:12.412,4.04959,4.04663,360,360
24.06.2024 00:07:13.367,4.049580000000001,4.04663,900,360
24.06.2024 00:07:13.468,4.04937,4.046430000000001,360,360
24.06.2024 00:07:13.569,4.04937,4.04667,360,900
24.06.2024 00:07:13.620,4.04936,4.0464400000000005,360,360
24.06.2024 00:07:13.872,4.04937,4.04652,360,900
24.06.2024 00:07:14.124,4.04946,4.046740000000001,360,360
24.06.2024 00:07:15.777,4.04947,4.04675,360,900
24.06.2024 00:07:16.430,4.04947,4.04676,360,900
24.06.2024 00:07:17.834,4.04947,4.04675,360,900
24.06.2024 00:07:18.386,4.04947,4.04676,360,360
24.06.2024 00:07:18.938,4.04959,4.04676,360,360
24.06.2024 00:07:19.992,4.04959,4.04682,360,360
24.06.2024 00:07:20.997,4.04968,4.04669,360,360
24.06.2024 00:07:22.149,4.04945,4.0467,900,1260
24.06.2024 00:07:22.250,4.04942,4.04673,360,900
24.06.2024 00:07:22.652,4.04942,4.04672,360,900
24.06.2024 00:07:22.702,4.049580000000001,4.046830000000001,360,360
24.06.2024 00:07:22.854,4.04947,4.046830000000001,900,360
24.06.2024 00:07:22.904,4.04957,4.04684,360,360
24.06.2024 00:07:23.206,4.04941,4.04655,360,900
24.06.2024 00:07:24.060,4.04941,4.046740000000001,360,900
24.06.2024 00:07:24.612,4.0493500000000004,4.0467,900,360
24.06.2024 00:07:24.663,4.0494,4.04671,360,360
24.06.2024 00:07:24.764,4.04941,4.04671,360,900
24.06.2024 00:07:24.965,4.04941,4.046740000000001,360,900
24.06.2024 00:07:25.166,4.0494,4.04692,900,900
24.06.2024 00:07:25.267,4.04941,4.0469800000000005,360,900
24.06.2024 00:07:25.870,4.04947,4.04699,360,900
24.06.2024 00:07:27.104,4.049480000000001,4.04696,360,900
24.06.2024 00:07:27.406,4.049480000000001,4.04689,360,900
24.06.2024 00:07:27.608,4.049480000000001,4.04685,360,900
24.06.2024 00:07:29.162,4.0493500000000004,4.04685,900,900
24.06.2024 00:07:30.266,4.04927,4.04685,360,900
24.06.2024 00:07:31.170,4.04926,4.0469,360,900
24.06.2024 00:07:33.429,4.04927,4.0467900000000006,360,900
24.06.2024 00:07:33.530,4.04926,4.04676,360,900
24.06.2024 00:07:33.581,4.04914,4.04673,900,900
24.06.2024 00:07:34.082,4.04912,4.046740000000001,360,900
24.06.2024 00:07:34.333,4.04912,4.0467699999999995,360,900
24.06.2024 00:07:34.434,4.049130000000001,4.04681,360,900
24.06.2024 00:07:34.635,4.04941,4.046740000000001,900,900
24.06.2024 00:07:34.686,4.0492,4.04672,900,900
24.06.2024 00:07:35.037,4.04943,4.04678,900,900
24.06.2024 00:07:35.088,4.0496,4.04685,900,900
24.06.2024 00:07:36.291,4.04934,4.04684,360,900
24.06.2024 00:07:36.392,4.04934,4.04701,360,900
24.06.2024 00:07:37.494,4.04932,4.046930000000001,900,900
24.06.2024 00:07:40.102,4.0491,4.04689,900,900
24.06.2024 00:07:50.324,4.0490900000000005,4.04689,900,900
24.06.2024 00:08:12.826,4.04922,4.04689,900,900
24.06.2024 00:08:22.083,4.049080000000001,4.0469,360,900
24.06.2024 00:08:24.288,4.04922,4.04689,900,900
24.06.2024 00:08:26.745,4.049080000000001,4.04689,360,900
24.06.2024 00:08:26.796,4.0490900000000005,4.04664,360,900
24.06.2024 00:08:26.848,4.0490900000000005,4.046880000000001,360,900
24.06.2024 00:08:27.651,4.0492,4.04689,900,900
24.06.2024 00:08:28.754,4.04921,4.04659,900,900
24.06.2024 00:08:28.855,4.0492,4.04695,900,900
24.06.2024 00:08:28.905,4.04924,4.046740000000001,900,900
24.06.2024 00:08:28.957,4.04921,4.04689,900,900
24.06.2024 00:08:38.933,4.04919,4.04689,900,900
24.06.2024 00:08:44.248,4.049040000000001,4.04669,900,900
24.06.2024 00:08:54.269,4.04902,4.04669,900,900
24.06.2024 00:09:07.288,4.04884,4.04654,900,900
24.06.2024 00:09:21.170,4.04885,4.046530000000001,900,900
24.06.2024 00:09:26.935,4.04886,4.04637,360,900
24.06.2024 00:09:26.986,4.04887,4.04676,360,900
24.06.2024 00:09:27.087,4.04902,4.04649,360,900
24.06.2024 00:09:27.338,4.04903,4.046930000000001,360,900
24.06.2024 00:09:27.439,4.04903,4.04645,360,900
24.06.2024 00:09:27.591,4.0490699999999995,4.04645,900,900
24.06.2024 00:09:28.544,4.049040000000001,4.04641,900,900
24.06.2024 00:09:30.851,4.04902,4.04641,360,900
24.06.2024 00:09:32.456,4.04892,4.04641,360,900
24.06.2024 00:09:37.919,4.04877,4.0462,900,900
24.06.2024 00:09:38.872,4.04872,4.0462,360,900
24.06.2024 00:09:44.539,4.048690000000001,4.0466,900,900
24.06.2024 00:09:46.994,4.04872,4.046530000000001,1260,900
24.06.2024 00:10:11.193,4.04871,4.046530000000001,900,900
24.06.2024 00:10:38.513,4.04868,4.04647,900,900
24.06.2024 00:10:44.542,4.04863,4.04617,900,900
24.06.2024 00:10:44.592,4.04865,4.046390000000001,900,900
24.06.2024 00:10:52.965,4.04863,4.04626,900,900
24.06.2024 00:10:53.066,4.04871,4.0464,900,900
24.06.2024 00:10:53.117,4.04868,4.04614,900,900
24.06.2024 00:10:53.318,4.0487,4.04619,900,900
24.06.2024 00:10:57.429,4.04871,4.04636,360,900
24.06.2024 00:11:01.190,4.04871,4.046340000000001,360,900
24.06.2024 00:11:06.198,4.04871,4.04657,360,900
24.06.2024 00:11:07.404,4.04862,4.04656,360,900
24.06.2024 00:11:11.314,4.04872,4.04656,360,900
24.06.2024 00:11:12.616,4.04872,4.04635,360,900
24.06.2024 00:11:18.227,4.04872,4.046530000000001,360,900
24.06.2024 00:11:22.690,4.04872,4.04626,1260,900
24.06.2024 00:11:24.894,4.04871,4.0464199999999995,360,900
24.06.2024 00:11:28.357,4.04872,4.0466,360,900
24.06.2024 00:11:29.010,4.04876,4.04661,900,900
24.06.2024 00:11:29.311,4.04877,4.0466,900,900
24.06.2024 00:11:34.522,4.04872,4.046250000000001,900,900
24.06.2024 00:11:34.573,4.04871,4.04629,360,900
24.06.2024 00:11:36.078,4.04871,4.04655,360,900
24.06.2024 00:11:36.680,4.04872,4.04637,360,900
24.06.2024 00:11:37.933,4.04872,4.04662,360,900
24.06.2024 00:11:38.183,4.04871,4.0463000000000005,360,900
24.06.2024 00:11:38.234,4.04872,4.04649,360,900
24.06.2024 00:11:40.943,4.04872,4.04646,360,900
24.06.2024 00:11:54.824,4.04871,4.04629,360,900
24.06.2024 00:11:54.875,4.04872,4.0464400000000005,360,900
24.06.2024 00:12:09.708,4.04871,4.04629,360,900
24.06.2024 00:12:09.759,4.04872,4.04646,360,900
24.06.2024 00:12:09.811,4.04871,4.0463000000000005,360,900
24.06.2024 00:12:10.814,4.04871,4.0464400000000005,360,900
24.06.2024 00:12:10.915,4.04872,4.04627,360,900
24.06.2024 00:12:11.166,4.04871,4.04632,360,900
24.06.2024 00:12:12.529,4.04872,4.04632,360,900
24.06.2024 00:12:13.082,4.04871,4.04664,360,900
24.06.2024 00:12:13.433,4.04871,4.04646,1260,900
24.06.2024 00:12:16.855,4.04872,4.04632,360,900
24.06.2024 00:12:17.107,4.0488100000000005,4.04632,360,900
24.06.2024 00:12:17.508,4.0488100000000005,4.0463000000000005,360,900
24.06.2024 00:12:18.111,4.0488100000000005,4.04663,360,900
24.06.2024 00:12:18.161,4.04886,4.04664,900,900
24.06.2024 00:12:18.613,4.0488100000000005,4.04637,900,900
24.06.2024 00:12:19.816,4.0488100000000005,4.04636,360,900
24.06.2024 00:12:21.572,4.0488100000000005,4.046340000000001,360,900
24.06.2024 00:12:27.940,4.0488100000000005,4.04624,1260,900
24.06.2024 00:12:28.993,4.0488100000000005,4.046250000000001,360,900
24.06.2024 00:12:34.607,4.0488100000000005,4.04649,360,900
24.06.2024 00:12:35.760,4.0488100000000005,4.046340000000001,360,900
24.06.2024 00:12:37.415,4.0488,4.04659,360,900
24.06.2024 00:12:38.067,4.0488100000000005,4.04641,360,900
24.06.2024 00:12:41.175,4.0488100000000005,4.04638,360,900
24.06.2024 00:12:46.487,4.0488,4.04628,1260,900
24.06.2024 00:12:57.968,4.0488100000000005,4.04631,1260,900
24.06.2024 00:12:59.021,4.0488100000000005,4.04628,360,900
24.06.2024 00:13:00.024,4.0488,4.046480000000001,360,900
24.06.2024 00:13:01.077,4.0488,4.0464400000000005,360,900
24.06.2024 00:13:02.081,4.0488100000000005,4.0465800000000005,360,900
24.06.2024 00:13:02.583,4.04903,4.0465800000000005,360,900
24.06.2024 00:13:09.713,4.04903,4.04659,360,900
24.06.2024 00:13:36.779,4.04902,4.04659,360,900
24.06.2024 00:13:59.591,4.04903,4.04659,360,900
24.06.2024 00:14:01.093,4.04901,4.0466,360,900
24.06.2024 00:14:05.205,4.04902,4.0466,360,900
24.06.2024 00:14:12.076,4.04902,4.046830000000001,360,900
24.06.2024 00:14:12.227,4.04911,4.046830000000001,360,900
24.06.2024 00:14:24.149,4.04912,4.0471,360,900
24.06.2024 00:14:24.250,4.04912,4.047180000000001,360,900
24.06.2024 00:14:24.402,4.04912,4.04739,360,900
24.06.2024 00:14:24.653,4.04959,4.04762,360,900
24.06.2024 00:14:25.155,4.04994,4.04764,360,900
24.06.2024 00:14:25.607,4.04994,4.04786,360,900
24.06.2024 00:14:25.658,4.0503,4.04786,360,900
24.06.2024 00:14:26.211,4.0504,4.04787,900,900
24.06.2024 00:14:29.066,4.0506400000000005,4.0481300000000005,360,900
24.06.2024 00:14:29.167,4.05042,4.04842,360,900
24.06.2024 00:14:29.319,4.05043,4.04847,360,900
24.06.2024 00:14:29.620,4.0508500000000005,4.048780000000001,360,900
24.06.2024 00:14:29.671,4.0508500000000005,4.04892,360,900
24.06.2024 00:14:29.923,4.05084,4.04896,360,900
24.06.2024 00:14:30.024,4.0508500000000005,4.04894,360,900
24.06.2024 00:14:30.125,4.051200000000001,4.048990000000001,360,900
24.06.2024 00:14:30.326,4.05121,4.04896,360,900
24.06.2024 00:14:30.427,4.05121,4.04916,360,900
24.06.2024 00:14:30.628,4.05145,4.04917,360,900
24.06.2024 00:14:31.180,4.05146,4.049180000000001,360,900
24.06.2024 00:14:31.583,4.05146,4.048900000000001,360,900
24.06.2024 00:14:31.684,4.05157,4.04891,360,900
24.06.2024 00:14:31.785,4.05158,4.04871,360,1260
24.06.2024 00:14:31.886,4.05158,4.04916,360,900
24.06.2024 00:14:31.987,4.05157,4.048730000000001,360,900
24.06.2024 00:14:32.088,4.05158,4.049180000000001,360,900
24.06.2024 00:14:32.390,4.05158,4.04925,360,900
24.06.2024 00:14:32.742,4.05163,4.0489500000000005,360,360
24.06.2024 00:14:32.792,4.05163,4.04917,360,900
24.06.2024 00:14:32.843,4.05163,4.0489500000000005,360,360
24.06.2024 00:14:33.296,4.05163,4.04882,360,900
24.06.2024 00:14:33.748,4.05163,4.04891,360,900
24.06.2024 00:14:33.799,4.05177,4.04892,360,900
24.06.2024 00:14:33.900,4.051780000000001,4.0488800000000005,360,360
24.06.2024 00:14:34.102,4.05177,4.04893,360,900
24.06.2024 00:14:34.353,4.05158,4.04892,360,900
24.06.2024 00:14:34.454,4.05158,4.04879,360,900
24.06.2024 00:14:34.857,4.05157,4.048690000000001,360,360
24.06.2024 00:14:34.907,4.05164,4.0488,360,360
24.06.2024 00:14:35.409,4.0516000000000005,4.0486699999999995,360,360
24.06.2024 00:14:35.762,4.0516000000000005,4.04896,360,900
24.06.2024 00:14:35.813,4.0516000000000005,4.0486699999999995,360,360
24.06.2024 00:14:36.014,4.05163,4.0487400000000004,360,360
24.06.2024 00:14:36.166,4.05163,4.04875,360,900
24.06.2024 00:14:36.418,4.05163,4.04882,360,900
24.06.2024 00:14:36.469,4.05163,4.0487400000000004,360,360
24.06.2024 00:14:36.571,4.05165,4.04892,360,360
24.06.2024 00:14:36.922,4.05166,4.04906,360,900
24.06.2024 00:14:37.074,4.05177,4.04911,360,360
24.06.2024 00:14:37.391,4.05177,4.04914,360,900
24.06.2024 00:14:37.443,4.05177,4.04911,360,360
24.06.2024 00:14:37.595,4.05165,4.048990000000001,360,900
24.06.2024 00:14:37.696,4.05165,4.04911,360,900
24.06.2024 00:14:38.099,4.05168,4.04889,360,360
24.06.2024 00:14:38.351,4.05167,4.04912,360,900
24.06.2024 00:14:38.402,4.05168,4.04889,360,360
24.06.2024 00:14:38.703,4.05165,4.04894,360,360
24.06.2024 00:14:38.904,4.05165,4.049180000000001,360,900
24.06.2024 00:14:39.055,4.05166,4.04893,360,360
24.06.2024 00:14:39.206,4.051780000000001,4.04893,360,360
24.06.2024 00:14:39.307,4.0517900000000004,4.049,360,900
24.06.2024 00:14:39.458,4.0517900000000004,4.04892,360,360
24.06.2024 00:14:39.710,4.05168,4.048780000000001,360,360
24.06.2024 00:14:39.811,4.05167,4.048900000000001,360,900
24.06.2024 00:14:39.912,4.05168,4.048780000000001,360,360
24.06.2024 00:14:40.063,4.05168,4.049,360,900
24.06.2024 00:14:40.164,4.05168,4.0491,360,900
24.06.2024 00:14:40.265,4.05161,4.0491,360,900
24.06.2024 00:14:40.417,4.0516000000000005,4.0487,360,360
24.06.2024 00:14:40.668,4.05161,4.049,360,900
24.06.2024 00:14:40.769,4.0518600000000005,4.049080000000001,360,900
24.06.2024 00:14:40.820,4.0518600000000005,4.04868,360,900
24.06.2024 00:14:40.921,4.0518600000000005,4.04922,360,900
24.06.2024 00:14:41.021,4.0518600000000005,4.048830000000001,360,900
24.06.2024 00:14:41.173,4.05185,4.04885,360,900
24.06.2024 00:14:41.324,4.0517199999999995,4.04884,360,900
24.06.2024 00:14:41.425,4.0517199999999995,4.04882,360,900
24.06.2024 00:14:41.526,4.05171,4.04916,360,900
24.06.2024 00:14:41.627,4.05171,4.04882,360,450
24.06.2024 00:14:41.728,4.0517199999999995,4.04915,360,900
24.06.2024 00:14:41.829,4.0517199999999995,4.0488100000000005,360,450
24.06.2024 00:14:41.880,4.0517199999999995,4.0488800000000005,360,360
24.06.2024 00:14:42.031,4.0517199999999995,4.049300000000001,360,900
24.06.2024 00:14:42.283,4.05171,4.04894,360,900
24.06.2024 00:14:42.584,4.05159,4.0488800000000005,900,360
24.06.2024 00:14:42.836,4.0517199999999995,4.0488800000000005,360,360
24.06.2024 00:14:42.937,4.0516000000000005,4.04902,900,900
24.06.2024 00:14:43.138,4.05163,4.04886,360,900
24.06.2024 00:14:43.389,4.05164,4.04872,360,360
24.06.2024 00:14:43.691,4.0516000000000005,4.0488800000000005,900,900
24.06.2024 00:14:43.892,4.0516000000000005,4.04872,900,360
24.06.2024 00:14:44.043,4.0513900000000005,4.04863,360,360
24.06.2024 00:14:44.245,4.0513900000000005,4.04891,360,900
24.06.2024 00:14:44.346,4.051380000000001,4.04896,360,900
24.06.2024 00:14:45.099,4.051380000000001,4.048640000000001,360,360
24.06.2024 00:14:45.150,4.051380000000001,4.04868,360,900
24.06.2024 00:14:45.200,4.0513900000000005,4.04863,360,1260
24.06.2024 00:14:45.301,4.051380000000001,4.04886,360,900
24.06.2024 00:14:45.503,4.0513699999999995,4.04914,360,900
24.06.2024 00:14:45.604,4.051380000000001,4.04896,360,900
24.06.2024 00:14:45.705,4.05181,4.049180000000001,360,900
24.06.2024 00:14:45.806,4.051780000000001,4.04911,900,900
24.06.2024 00:14:46.007,4.05181,4.0493500000000004,360,900
24.06.2024 00:14:46.108,4.05181,4.048990000000001,360,360
24.06.2024 00:14:46.209,4.05167,4.04902,900,900
24.06.2024 00:14:46.310,4.05171,4.0493500000000004,360,900
24.06.2024 00:14:46.461,4.0517,4.04916,360,900
24.06.2024 00:14:46.562,4.0517,4.048830000000001,360,900
24.06.2024 00:14:46.763,4.051830000000001,4.04894,360,360
24.06.2024 00:14:47.366,4.0518600000000005,4.04894,900,900
24.06.2024 00:14:47.717,4.05207,4.04937,360,900
24.06.2024 00:14:48.069,4.05182,4.04938,360,900
24.06.2024 00:14:48.320,4.051830000000001,4.04898,360,900
24.06.2024 00:14:48.671,4.051830000000001,4.049300000000001,360,900
24.06.2024 00:14:48.873,4.05182,4.049440000000001,360,900
24.06.2024 00:14:49.274,4.05203,4.049440000000001,360,900
24.06.2024 00:14:50.178,4.052040000000001,4.0492,360,360
24.06.2024 00:14:50.229,4.05182,4.0492,900,360
24.06.2024 00:14:50.381,4.052040000000001,4.0492,360,360
24.06.2024 00:14:50.481,4.05167,4.0492,360,900
24.06.2024 00:14:50.783,4.05159,4.049300000000001,900,900
24.06.2024 00:14:50.833,4.05167,4.04892,360,360
24.06.2024 00:14:51.135,4.05146,4.04917,900,900
24.06.2024 00:14:51.386,4.05177,4.04919,360,900
24.06.2024 00:14:51.537,4.05177,4.0492300000000006,360,900
24.06.2024 00:14:51.588,4.05176,4.048830000000001,360,360
24.06.2024 00:14:51.688,4.05161,4.0490900000000005,900,900
24.06.2024 00:14:51.940,4.05142,4.04894,900,900
24.06.2024 00:14:52.192,4.051430000000001,4.049130000000001,900,900
24.06.2024 00:14:53.095,4.051380000000001,4.0487,900,360
24.06.2024 00:14:53.196,4.05149,4.04894,900,900
24.06.2024 00:14:53.748,4.051430000000001,4.04911,900,900
24.06.2024 00:14:55.251,4.0515,4.04906,360,900
24.06.2024 00:14:55.403,4.05167,4.04924,900,900
24.06.2024 00:14:55.804,4.051950000000001,4.04926,900,900
24.06.2024 00:14:56.156,4.0518600000000005,4.049440000000001,900,900
24.06.2024 00:14:56.708,4.05206,4.049480000000001,360,900
24.06.2024 00:14:56.859,4.05207,4.04915,360,900
24.06.2024 00:14:57.261,4.05185,4.04943,900,900
24.06.2024 00:14:57.613,4.05203,4.0494900000000005,360,900
24.06.2024 00:14:57.764,4.0518,4.04937,900,900
24.06.2024 00:14:58.016,4.05201,4.0494900000000005,360,900
24.06.2024 00:14:58.117,4.0518,4.0490699999999995,900,900
24.06.2024 00:14:58.268,4.05207,4.04952,360,900
24.06.2024 00:14:58.368,4.05194,4.04928,900,360
24.06.2024 00:14:58.570,4.05157,4.04927,900,360
24.06.2024 00:14:58.671,4.05192,4.04928,900,360
24.06.2024 00:14:59.073,4.05152,4.04877,900,900
24.06.2024 00:14:59.324,4.05158,4.04924,900,900
24.06.2024 00:14:59.675,4.05131,4.04879,900,900
24.06.2024 00:14:59.826,4.0513,4.049040000000001,900,900
24.06.2024 00:15:00.228,4.05155,4.04903,360,900
24.06.2024 00:15:00.329,4.05155,4.04925,360,900
24.06.2024 00:15:00.380,4.05154,4.0492300000000006,360,900
24.06.2024 00:15:00.531,4.05155,4.04919,360,900
24.06.2024 00:15:00.632,4.05154,4.04924,360,900
24.06.2024 00:15:00.733,4.05181,4.04921,360,900
24.06.2024 00:15:00.834,4.0517900000000004,4.0492300000000006,900,900
24.06.2024 00:15:01.035,4.05182,4.0492,360,900
24.06.2024 00:15:01.186,4.05182,4.0492300000000006,360,900
24.06.2024 00:15:01.588,4.05182,4.04954,360,900
24.06.2024 00:15:01.890,4.052180000000001,4.04955,360,900
24.06.2024 00:15:02.142,4.05219,4.0498,360,900
24.06.2024 00:15:02.393,4.05236,4.04981,360,900
24.06.2024 00:15:06.002,4.05237,4.04978,360,900
24.06.2024 00:15:17.129,4.05237,4.0498,360,900
24.06.2024 00:15:25.382,4.05233,4.049580000000001,900,900
24.06.2024 00:15:25.483,4.0521,4.049440000000001,900,360
24.06.2024 00:15:25.584,4.05221,4.04943,900,360
24.06.2024 00:15:25.735,4.05167,4.049080000000001,360,900
24.06.2024 00:15:26.036,4.05166,4.0493500000000004,360,900
24.06.2024 00:15:26.288,4.0517900000000004,4.04934,360,900
24.06.2024 00:15:27.390,4.0519,4.04934,360,900
24.06.2024 00:15:27.542,4.0519,4.04957,360,900
24.06.2024 00:15:27.593,4.0519,4.04915,360,360
24.06.2024 00:15:27.895,4.0522,4.04943,900,900
24.06.2024 00:15:28.697,4.0519,4.04943,360,900
24.06.2024 00:15:30.102,4.0519,4.0492300000000006,360,900
24.06.2024 00:15:31.306,4.05198,4.0492300000000006,900,900
24.06.2024 00:15:34.212,4.05163,4.04929,900,900
24.06.2024 00:15:34.313,4.051480000000001,4.04906,900,900
24.06.2024 00:15:34.414,4.05152,4.04885,900,900
24.06.2024 00:15:34.516,4.05166,4.04885,360,900
24.06.2024 00:15:34.667,4.05158,4.04901,900,900
24.06.2024 00:15:35.018,4.051430000000001,4.04905,360,900
24.06.2024 00:15:35.621,4.05163,4.04905,360,900
24.06.2024 00:15:40.328,4.05181,4.04905,900,900
24.06.2024 00:15:40.429,4.05128,4.0490900000000005,900,900
24.06.2024 00:15:40.531,4.05164,4.04906,900,900
24.06.2024 00:15:40.933,4.05146,4.04905,360,900
24.06.2024 00:15:41.034,4.05145,4.0492,360,900
24.06.2024 00:15:51.361,4.05146,4.04929,360,900
24.06.2024 00:15:51.462,4.05146,4.04898,360,900
24.06.2024 00:15:51.563,4.05136,4.04896,900,900
24.06.2024 00:15:51.664,4.05145,4.04921,360,900
24.06.2024 00:15:53.168,4.05157,4.0492,360,900
24.06.2024 00:15:55.773,4.05165,4.04921,360,900
24.06.2024 00:15:57.125,4.05156,4.04897,900,900
24.06.2024 00:16:00.814,4.05145,4.04896,360,900
24.06.2024 00:16:03.923,4.05123,4.04876,900,900
24.06.2024 00:16:04.226,4.05122,4.04875,900,900
24.06.2024 00:16:04.477,4.05122,4.0487400000000004,360,900
24.06.2024 00:16:05.330,4.05123,4.0487400000000004,900,900
24.06.2024 00:16:06.281,4.05122,4.0487400000000004,360,900
24.06.2024 00:16:08.839,4.05122,4.04896,360,900
24.06.2024 00:16:11.195,4.05122,4.0489500000000005,360,900
24.06.2024 00:16:15.712,4.05109,4.04875,900,900
24.06.2024 00:16:26.335,4.05109,4.04875,900,900
24.06.2024 00:16:29.244,4.05088,4.0488,900,900
24.06.2024 00:16:29.348,4.05086,4.048780000000001,900,900
24.06.2024 00:16:35.610,4.05074,4.048780000000001,900,900
24.06.2024 00:16:41.934,4.05091,4.0489500000000005,1260,900
24.06.2024 00:16:51.456,4.05081,4.04871,900,900
24.06.2024 00:16:51.557,4.05083,4.04871,900,900
24.06.2024 00:16:52.008,4.050800000000001,4.04844,900,360
24.06.2024 00:16:52.059,4.050540000000001,4.04844,900,360
24.06.2024 00:16:52.161,4.05049,4.04845,900,360
24.06.2024 00:16:52.262,4.0505,4.04795,900,900
24.06.2024 00:16:52.664,4.05018,4.047890000000001,900,900
24.06.2024 00:16:52.765,4.05021,4.0481300000000005,900,900
24.06.2024 00:16:53.317,4.050140000000001,4.04786,900,900
24.06.2024 00:16:53.920,4.05016,4.04805,900,900
24.06.2024 00:16:54.222,4.05013,4.04786,900,900
24.06.2024 00:16:54.925,4.05017,4.04828,900,900
24.06.2024 00:16:56.579,4.05036,4.0483199999999995,360,900
24.06.2024 00:16:56.680,4.0501000000000005,4.0479199999999995,900,360
24.06.2024 00:16:57.432,4.049790000000001,4.0477300000000005,900,900
24.06.2024 00:16:57.884,4.04975,4.04762,900,360
24.06.2024 00:16:57.985,4.04975,4.04748,900,900
24.06.2024 00:16:58.638,4.04955,4.04777,900,900
24.06.2024 00:16:58.739,4.0494900000000005,4.04738,900,360
24.06.2024 00:16:58.840,4.04954,4.04771,900,900
24.06.2024 00:16:59.042,4.04954,4.04755,900,900
24.06.2024 00:16:59.344,4.049480000000001,4.0473,900,360
24.06.2024 00:17:00.147,4.04955,4.04751,900,900
24.06.2024 00:17:00.248,4.04955,4.04769,900,900
24.06.2024 00:17:00.349,4.049530000000001,4.04769,900,900
24.06.2024 00:17:00.800,4.04976,4.04769,360,900
24.06.2024 00:17:00.901,4.04971,4.04765,900,900
24.06.2024 00:17:01.152,4.04977,4.047680000000001,360,900
24.06.2024 00:17:01.203,4.04976,4.04772,360,900
24.06.2024 00:17:01.555,4.049740000000001,4.04767,900,900
24.06.2024 00:17:03.109,4.0495600000000005,4.0477,900,900
24.06.2024 00:17:03.611,4.04951,4.04735,900,360
24.06.2024 00:17:03.713,4.0495600000000005,4.0477300000000005,900,900
24.06.2024 00:17:03.814,4.04957,4.04753,900,900
24.06.2024 00:17:04.668,4.04967,4.04738,900,900
24.06.2024 00:17:04.869,4.04981,4.04774,360,900
24.06.2024 00:17:05.371,4.05002,4.047980000000001,900,900
24.06.2024 00:17:05.472,4.05013,4.04799,360,900
24.06.2024 00:17:05.974,4.050280000000001,4.048,360,900
24.06.2024 00:17:07.127,4.05029,4.04805,360,900
24.06.2024 00:17:07.429,4.049930000000001,4.048,900,900
24.06.2024 00:17:07.932,4.05011,4.04801,360,900
24.06.2024 00:17:08.033,4.0501000000000005,4.04801,360,900
24.06.2024 00:17:08.384,4.05015,4.048,900,900
24.06.2024 00:17:08.786,4.05009,4.04827,900,900
24.06.2024 00:17:10.592,4.0503,4.048290000000001,360,900
24.06.2024 00:17:10.693,4.05031,4.04827,360,900
24.06.2024 00:17:10.745,4.05034,4.04827,900,900
24.06.2024 00:17:10.947,4.05049,4.04831,360,900
24.06.2024 00:17:11.199,4.05049,4.048290000000001,360,900
24.06.2024 00:17:11.400,4.050330000000001,4.04825,900,900
24.06.2024 00:17:11.551,4.05032,4.048240000000001,900,900
24.06.2024 00:17:14.206,4.05012,4.04779,900,900
24.06.2024 00:17:14.307,4.0501000000000005,4.0476600000000005,900,360
24.06.2024 00:17:14.408,4.04987,4.04806,900,900
24.06.2024 00:17:14.509,4.04987,4.0478000000000005,900,900
24.06.2024 00:17:14.610,4.04987,4.048,900,900
24.06.2024 00:17:14.862,4.049980000000001,4.047630000000001,900,1260
24.06.2024 00:17:15.013,4.04987,4.0479,900,900
24.06.2024 00:17:16.420,4.04978,4.0475900000000005,900,360
24.06.2024 00:17:16.521,4.04986,4.04771,900,900
24.06.2024 00:17:17.724,4.04986,4.0479199999999995,900,900
24.06.2024 00:17:20.530,4.05002,4.04797,360,900
24.06.2024 00:17:21.165,4.05016,4.04796,900,900
24.06.2024 00:17:21.567,4.05015,4.04797,900,900
24.06.2024 00:17:21.668,4.0499600000000004,4.04791,900,900
24.06.2024 00:17:22.121,4.0498,4.0479199999999995,900,900
24.06.2024 00:17:23.777,4.05002,4.04795,360,900
24.06.2024 00:17:24.129,4.04999,4.04791,900,900
24.06.2024 00:17:24.481,4.04977,4.0479199999999995,900,900
24.06.2024 00:17:24.632,4.04977,4.04776,900,900
24.06.2024 00:17:25.034,4.04972,4.04747,900,360
24.06.2024 00:17:25.135,4.04976,4.0476,900,900
24.06.2024 00:17:26.237,4.049790000000001,4.0478000000000005,900,900
24.06.2024 00:17:26.388,4.04975,4.047630000000001,900,900
24.06.2024 00:17:26.589,4.049790000000001,4.04786,900,900
24.06.2024 00:17:26.740,4.04977,4.0477,900,900
24.06.2024 00:17:26.890,4.049790000000001,4.04786,900,900
24.06.2024 00:17:27.091,4.04987,4.04737,900,900
24.06.2024 00:17:27.192,4.0498,4.04765,900,900
24.06.2024 00:17:27.744,4.0499,4.04752,900,900
24.06.2024 00:17:28.046,4.04975,4.04788,900,900
24.06.2024 00:17:28.247,4.04986,4.04739,900,360
24.06.2024 00:17:28.298,4.04986,4.04735,900,900
24.06.2024 00:17:28.549,4.04992,4.04781,360,900
24.06.2024 00:17:28.900,4.04994,4.04782,900,900
24.06.2024 00:17:29.452,4.05007,4.04783,360,900
24.06.2024 00:17:29.553,4.0498199999999995,4.047840000000001,900,900
24.06.2024 00:17:30.407,4.04997,4.0477,360,900
24.06.2024 00:17:30.557,4.04997,4.04783,360,900
24.06.2024 00:17:30.709,4.05011,4.04783,900,900
24.06.2024 00:17:31.612,4.049880000000001,4.04787,900,900
24.06.2024 00:17:31.713,4.049880000000001,4.04785,900,900
24.06.2024 00:17:31.763,4.04991,4.04809,900,900
24.06.2024 00:17:34.724,4.0499,4.04804,900,900
24.06.2024 00:17:55.928,4.04971,4.04782,900,900
24.06.2024 00:17:57.182,4.04961,4.04782,900,900
24.06.2024 00:18:11.190,4.04961,4.04787,900,900
24.06.2024 00:18:32.096,4.04955,4.0476600000000005,900,900
24.06.2024 00:18:32.147,4.04952,4.04751,900,360
24.06.2024 00:18:32.298,4.0495,4.04752,900,360
24.06.2024 00:18:32.399,4.04922,4.047580000000001,900,900
24.06.2024 00:18:34.106,4.04917,4.04722,900,900
24.06.2024 00:18:34.307,4.04919,4.04742,900,900
24.06.2024 00:18:35.109,4.04898,4.0474000000000006,900,900
24.06.2024 00:18:35.260,4.04897,4.0471,900,900
24.06.2024 00:18:35.461,4.048990000000001,4.04727,900,900
24.06.2024 00:18:36.112,4.049040000000001,4.047140000000001,900,900
24.06.2024 00:18:36.213,4.049080000000001,4.04736,900,900
24.06.2024 00:18:40.119,4.04903,4.0471699999999995,900,900
24.06.2024 00:18:40.170,4.04901,4.04699,900,360
24.06.2024 00:18:40.371,4.0490699999999995,4.04736,900,900
24.06.2024 00:18:41.125,4.04927,4.04738,900,900
24.06.2024 00:18:42.881,4.04922,4.04737,900,900
24.06.2024 00:18:44.134,4.049040000000001,4.04735,900,900
24.06.2024 00:18:45.739,4.04906,4.04735,900,900
24.06.2024 00:19:13.637,4.04903,4.047180000000001,900,900
24.06.2024 00:19:13.689,4.049040000000001,4.0472,900,900
24.06.2024 00:19:14.241,4.049040000000001,4.04696,900,900
24.06.2024 00:19:14.292,4.048780000000001,4.04704,900,900
24.06.2024 00:19:14.693,4.04877,4.04704,900,900
24.06.2024 00:19:47.676,4.04892,4.0471900000000005,900,900
24.06.2024 00:20:01.188,4.04893,4.0471900000000005,900,900
24.06.2024 00:20:05.753,4.048900000000001,4.04703,900,900
24.06.2024 00:20:05.854,4.04887,4.046880000000001,900,900
24.06.2024 00:20:06.357,4.0486699999999995,4.04668,900,900
24.06.2024 00:20:11.166,4.048640000000001,4.0467,900,900
24.06.2024 00:20:13.920,4.0486,4.04697,900,900
24.06.2024 00:20:18.181,4.04862,4.04694,900,900
24.06.2024 00:20:24.042,4.04853,4.0466,900,900
24.06.2024 00:20:25.896,4.048780000000001,4.046340000000001,360,360
24.06.2024 00:20:26.701,4.048290000000001,4.04646,900,900
24.06.2024 00:20:39.127,4.04849,4.04662,900,900
24.06.2024 00:20:39.880,4.04853,4.0468,900,900
24.06.2024 00:20:41.184,4.04854,4.0467900000000006,900,900
24.06.2024 00:20:41.886,4.0486699999999995,4.04673,900,900
24.06.2024 00:20:42.087,4.04845,4.04689,900,900
24.06.2024 00:20:42.289,4.04856,4.04681,900,900
24.06.2024 00:20:43.330,4.048430000000001,4.0466500000000005,900,900
24.06.2024 00:20:54.155,4.04845,4.04664,900,900
24.06.2024 00:20:56.115,4.04821,4.04646,900,900
24.06.2024 00:20:56.266,4.04819,4.04631,900,360
24.06.2024 00:20:56.668,4.04819,4.04627,900,900
24.06.2024 00:20:59.474,4.04818,4.04628,900,900
24.06.2024 00:21:00.278,4.04819,4.04649,900,900
24.06.2024 00:21:01.180,4.04819,4.046480000000001,900,900
24.06.2024 00:21:06.990,4.04811,4.04627,900,900
24.06.2024 00:21:08.796,4.04811,4.04624,900,900
24.06.2024 00:21:08.897,4.0482000000000005,4.04624,900,900
24.06.2024 00:21:08.949,4.04801,4.04609,900,900
24.06.2024 00:21:10.407,4.04791,4.04607,900,900
24.06.2024 00:21:17.070,4.048,4.04612,900,900
24.06.2024 00:21:18.274,4.0481300000000005,4.046340000000001,900,900
24.06.2024 00:21:18.875,4.04837,4.04645,900,900
24.06.2024 00:21:19.026,4.04837,4.0464400000000005,900,900
24.06.2024 00:21:29.899,4.04836,4.04646,900,900
24.06.2024 00:21:30.451,4.04827,4.046430000000001,900,900
24.06.2024 00:21:37.223,4.04844,4.046530000000001,900,900
24.06.2024 00:21:37.324,4.04853,4.04656,900,900
24.06.2024 00:21:37.877,4.048330000000001,4.04655,900,900
24.06.2024 00:21:39.330,4.04866,4.04657,360,900
24.06.2024 00:21:39.631,4.0487,4.0465800000000005,900,900
24.06.2024 00:21:39.732,4.04886,4.04659,360,900
24.06.2024 00:21:39.833,4.04862,4.04675,900,900
24.06.2024 00:21:41.187,4.04865,4.04673,900,900
24.06.2024 00:21:51.312,4.04865,4.04675,900,900
24.06.2024 00:21:54.271,4.04885,4.046830000000001,900,900
24.06.2024 00:21:54.422,4.04876,4.04682,900,900
24.06.2024 00:21:54.674,4.04856,4.04678,900,900
24.06.2024 00:21:56.981,4.048690000000001,4.04675,900,900
24.06.2024 00:21:58.486,4.04884,4.04696,900,900
24.06.2024 00:22:00.693,4.0488,4.04712,900,900
24.06.2024 00:22:01.195,4.04882,4.047090000000001,900,900
24.06.2024 00:22:05.559,4.048990000000001,4.04724,900,900
24.06.2024 00:22:21.208,4.04898,4.04725,900,900
24.06.2024 00:22:31.582,4.04898,4.04724,900,900
24.06.2024 00:22:32.685,4.04897,4.047140000000001,900,900
24.06.2024 00:22:40.755,4.04916,4.047280000000001,900,900
24.06.2024 00:22:47.922,4.04916,4.04738,900,900
24.06.2024 00:22:51.181,4.04916,4.04731,900,900
24.06.2024 00:23:10.951,4.04897,4.047140000000001,900,900
24.06.2024 00:23:21.176,4.04897,4.04712,900,900
24.06.2024 00:23:22.930,4.04897,4.047230000000001,900,900
24.06.2024 00:23:27.943,4.04897,4.04712,900,900
24.06.2024 00:23:32.854,4.04896,4.04724,900,900
24.06.2024 00:23:33.355,4.04897,4.04712,900,900
24.06.2024 00:23:33.806,4.04896,4.04724,900,900
24.06.2024 00:23:34.008,4.04896,4.04713,900,900
24.06.2024 00:23:38.270,4.04897,4.047230000000001,900,900
24.06.2024 00:23:48.092,4.04897,4.047140000000001,900,900
24.06.2024 00:23:57.451,4.04898,4.04711,900,900
24.06.2024 00:23:59.206,4.04898,4.04722,900,900
24.06.2024 00:24:04.719,4.04898,4.04711,900,900
24.06.2024 00:24:41.163,4.04903,4.04704,900,900
24.06.2024 00:25:01.749,4.04903,4.04704,900,900
24.06.2024 00:25:59.082,4.04903,4.04704,900,900
24.06.2024 00:26:31.205,4.04903,4.04702,900,900
24.06.2024 00:26:41.431,4.04905,4.0470500000000005,900,900
24.06.2024 00:26:51.554,4.04905,4.04704,900,900
24.06.2024 00:27:09.650,4.049040000000001,4.047140000000001,900,900
24.06.2024 00:27:15.046,4.04886,4.04696,900,900
24.06.2024 00:27:23.718,4.04884,4.04681,900,900
24.06.2024 00:27:24.019,4.04886,4.04697,900,900
24.06.2024 00:27:26.025,4.04884,4.04687,900,900
24.06.2024 00:27:29.784,4.04886,4.04697,900,900
24.06.2024 00:27:41.165,4.04885,4.04697,900,900
24.06.2024 00:28:11.746,4.04885,4.04692,900,900
24.06.2024 00:28:32.500,4.04885,4.04689,900,900
24.06.2024 00:28:45.079,4.04885,4.0469100000000005,900,900
24.06.2024 00:28:55.054,4.04885,4.046880000000001,900,900
24.06.2024 00:29:11.190,4.04885,4.04689,900,900
24.06.2024 00:29:21.471,4.04885,4.046880000000001,900,900
24.06.2024 00:29:31.547,4.04885,4.04689,900,900
24.06.2024 00:29:49.335,4.04866,4.04671,900,900
24.06.2024 00:30:01.165,4.0486699999999995,4.04671,900,900
24.06.2024 00:30:11.186,4.0486699999999995,4.0467,900,900
24.06.2024 00:30:28.235,4.0486699999999995,4.04659,900,900
24.06.2024 00:30:57.151,4.0486699999999995,4.04669,900,900
24.06.2024 00:31:09.315,4.04865,4.0467,900,900
24.06.2024 00:31:19.342,4.0486699999999995,4.0467,900,900
24.06.2024 00:31:26.758,4.0486699999999995,4.0466,900,900
24.06.2024 00:31:31.870,4.04846,4.046430000000001,900,900
24.06.2024 00:31:46.305,4.0484800000000005,4.04646,900,900
24.06.2024 00:32:08.267,4.04847,4.04649,900,900
24.06.2024 00:32:16.939,4.04828,4.0463000000000005,900,360
24.06.2024 00:32:18.042,4.04828,4.04627,900,900
24.06.2024 00:32:27.262,4.04828,4.04626,900,900
24.06.2024 00:32:39.240,4.04828,4.04628,900,900
24.06.2024 00:33:01.195,4.04828,4.04627,900,900
24.06.2024 00:33:11.567,4.04828,4.04626,900,900
24.06.2024 00:33:21.740,4.04827,4.04628,900,900
24.06.2024 00:33:42.267,4.04828,4.04626,900,900
24.06.2024 00:34:16.899,4.04828,4.04628,900,900
24.06.2024 00:34:24.875,4.04811,4.04614,900,900
24.06.2024 00:34:24.926,4.0481,4.0460400000000005,900,900
24.06.2024 00:34:24.976,4.0479199999999995,4.04587,900,900
24.06.2024 00:34:29.837,4.047930000000001,4.04597,900,900
24.06.2024 00:34:31.090,4.048030000000001,4.04615,900,900
24.06.2024 00:34:31.192,4.048030000000001,4.04616,900,900
24.06.2024 00:34:35.902,4.04802,4.04605,900,900
24.06.2024 00:34:36.404,4.04802,4.04617,900,900
24.06.2024 00:34:51.084,4.04802,4.0461800000000006,900,900
24.06.2024 00:35:01.108,4.048030000000001,4.04615,900,900
24.06.2024 00:35:19.504,4.04802,4.04605,900,900
24.06.2024 00:35:19.656,4.04785,4.04592,900,900
24.06.2024 00:35:19.810,4.0477,4.04588,900,360
24.06.2024 00:35:20.213,4.0477,4.04572,900,900
24.06.2024 00:35:22.368,4.0477,4.04581,900,900
24.06.2024 00:35:26.326,4.04769,4.04574,900,900
24.06.2024 00:35:39.808,4.0477,4.04574,900,900
24.06.2024 00:35:51.054,4.047680000000001,4.04575,900,900
24.06.2024 00:35:57.721,4.0477,4.0458300000000005,900,900
24.06.2024 00:36:02.133,4.0477,4.04572,900,900
24.06.2024 00:36:19.823,4.04769,4.04572,900,900
24.06.2024 00:36:22.430,4.04769,4.04584,900,900
24.06.2024 00:36:23.081,4.04769,4.04572,900,900
24.06.2024 00:36:23.883,4.0477,4.0458300000000005,900,900
24.06.2024 00:36:26.690,4.04769,4.04572,900,900
24.06.2024 00:36:27.242,4.0477,4.0458300000000005,900,900
24.06.2024 00:36:27.343,4.04769,4.04572,900,900
24.06.2024 00:36:59.832,4.04769,4.04574,900,900
24.06.2024 00:37:10.307,4.047680000000001,4.04577,900,900
24.06.2024 00:37:21.165,4.04769,4.045730000000001,900,900
24.06.2024 00:37:31.495,4.047680000000001,4.04575,900,900
24.06.2024 00:37:41.570,4.047680000000001,4.04574,900,900
24.06.2024 00:38:03.122,4.04769,4.04584,900,900
24.06.2024 00:38:19.829,4.0477,4.04582,900,900
24.06.2024 00:38:31.204,4.0477,4.0458300000000005,900,900
24.06.2024 00:38:41.579,4.04769,4.04582,900,900
24.06.2024 00:39:39.820,4.04769,4.04584,900,900
24.06.2024 00:40:01.185,4.04769,4.0458300000000005,900,900
24.06.2024 00:40:03.490,4.04769,4.045730000000001,900,900
24.06.2024 00:40:37.222,4.047680000000001,4.04579,900,900
24.06.2024 00:40:40.180,4.04753,4.04561,900,900
24.06.2024 00:40:40.282,4.04734,4.04544,900,360
24.06.2024 00:40:41.235,4.04735,4.04542,900,900
24.06.2024 00:40:50.277,4.04735,4.0454,900,900
24.06.2024 00:41:01.202,4.04735,4.04541,900,900
24.06.2024 00:41:09.323,4.047540000000001,4.04557,900,900
24.06.2024 00:41:13.083,4.0477300000000005,4.04577,900,900
24.06.2024 00:41:23.153,4.0477300000000005,4.0457600000000005,900,900
24.06.2024 00:41:37.155,4.0477300000000005,4.04577,900,900
24.06.2024 00:41:53.694,4.0477300000000005,4.04587,900,900
24.06.2024 00:42:00.113,4.047490000000001,4.04572,900,900
24.06.2024 00:42:01.166,4.0475,4.04571,900,900
24.06.2024 00:42:18.591,4.047680000000001,4.04595,900,900
24.06.2024 00:42:25.310,4.047680000000001,4.04584,900,900
24.06.2024 00:42:37.690,4.04767,4.04586,900,900
24.06.2024 00:42:48.569,4.047680000000001,4.04586,900,900
24.06.2024 00:43:11.188,4.04767,4.04586,900,900
24.06.2024 00:43:13.649,4.047540000000001,4.0456900000000005,900,900
24.06.2024 00:43:14.553,4.04753,4.04558,900,900
24.06.2024 00:43:18.211,4.0476600000000005,4.04579,900,900
24.06.2024 00:43:28.231,4.04767,4.045780000000001,900,900
24.06.2024 00:43:50.187,4.0476600000000005,4.04577,900,900
24.06.2024 00:44:00.614,4.0476600000000005,4.04579,900,900
24.06.2024 00:44:20.565,4.0476600000000005,4.04587,900,900
24.06.2024 00:44:31.192,4.04767,4.045850000000001,900,900
24.06.2024 00:44:36.003,4.04765,4.0457600000000005,900,900
24.06.2024 00:44:38.591,4.04767,4.045850000000001,900,900
24.06.2024 00:44:41.500,4.0476600000000005,4.0457600000000005,900,900
24.06.2024 00:44:48.368,4.04767,4.045850000000001,900,900
24.06.2024 00:44:55.236,4.0476600000000005,4.045730000000001,900,900
24.06.2024 00:45:08.222,4.0476600000000005,4.04574,900,900
24.06.2024 00:45:18.853,4.04765,4.0457600000000005,900,900
24.06.2024 00:45:31.206,4.04767,4.04575,900,900
24.06.2024 00:45:41.535,4.04765,4.04575,900,900
24.06.2024 00:46:01.583,4.04767,4.045730000000001,900,900
24.06.2024 00:46:11.734,4.0476600000000005,4.045780000000001,900,900
24.06.2024 00:46:27.525,4.04767,4.0457600000000005,900,900
24.06.2024 00:46:38.206,4.047680000000001,4.04572,900,900
24.06.2024 00:46:58.176,4.04765,4.045730000000001,900,900
24.06.2024 00:47:08.403,4.0476600000000005,4.04572,900,900
24.06.2024 00:47:24.845,4.047490000000001,4.04557,900,900
24.06.2024 00:47:26.700,4.0475,4.04566,900,900
24.06.2024 00:47:26.902,4.04738,4.04548,900,900
24.06.2024 00:47:27.503,4.04736,4.04539,900,900
24.06.2024 00:47:28.756,4.04737,4.04549,900,900
24.06.2024 00:47:37.977,4.04736,4.04539,900,900
24.06.2024 00:47:39.381,4.04737,4.04549,900,900
24.06.2024 00:47:40.384,4.04736,4.04539,900,900
24.06.2024 00:47:40.535,4.04737,4.04549,900,900
24.06.2024 00:47:40.586,4.04731,4.045330000000001,900,900
24.06.2024 00:47:51.164,4.04729,4.04535,900,900
24.06.2024 00:48:11.212,4.04731,4.045330000000001,900,900
24.06.2024 00:48:31.562,4.0473,4.04534,900,900
24.06.2024 00:48:47.998,4.0473,4.045240000000001,900,900
24.06.2024 00:48:48.350,4.04729,4.0452900000000005,900,360
24.06.2024 00:48:55.765,4.0473,4.045240000000001,900,900
24.06.2024 00:49:00.578,4.0473,4.04526,900,900
24.06.2024 00:49:10.854,4.0473,4.04525,900,900
24.06.2024 00:49:50.953,4.04729,4.0452900000000005,900,360
24.06.2024 00:49:51.705,4.04731,4.045280000000001,900,360
24.06.2024 00:49:54.761,4.04737,4.0454300000000005,900,900
24.06.2024 00:50:11.203,4.04736,4.0454,900,900
24.06.2024 00:50:31.701,4.04737,4.0454300000000005,900,900
24.06.2024 00:50:56.078,4.047540000000001,4.04557,900,900
24.06.2024 00:51:06.650,4.04753,4.045590000000001,900,900
24.06.2024 00:51:17.880,4.047540000000001,4.045590000000001,900,900
24.06.2024 00:51:31.181,4.047540000000001,4.04558,900,900
24.06.2024 00:51:47.122,4.04772,4.04577,900,900
24.06.2024 00:51:47.173,4.0477,4.04565,900,900
24.06.2024 00:51:47.275,4.0477,4.045640000000001,900,900
24.06.2024 00:52:11.192,4.0477,4.04561,900,900
24.06.2024 00:52:21.166,4.0477,4.045640000000001,900,900
24.06.2024 00:52:41.580,4.0477,4.04563,900,900
24.06.2024 00:52:55.968,4.04755,4.0455000000000005,900,900
24.06.2024 00:52:58.076,4.04738,4.04531,900,900
24.06.2024 00:53:11.200,4.04738,4.04532,900,900
24.06.2024 00:53:31.564,4.04738,4.04531,900,900
24.06.2024 00:53:41.738,4.04739,4.04531,900,900
24.06.2024 00:53:46.848,4.04722,4.04516,900,360
24.06.2024 00:53:47.199,4.047230000000001,4.04514,900,900
24.06.2024 00:53:54.566,4.0473300000000005,4.04531,900,900
24.06.2024 00:54:10.472,4.0473300000000005,4.04532,900,900
24.06.2024 00:54:31.169,4.04735,4.04531,900,900
24.06.2024 00:54:53.192,4.0471900000000005,4.04518,900,900
24.06.2024 00:54:54.398,4.04731,4.045330000000001,900,900
24.06.2024 00:55:00.262,4.04715,4.0452,900,900
24.06.2024 00:55:00.314,4.04731,4.04523,900,900
24.06.2024 00:55:01.919,4.04732,4.04532,900,900
24.06.2024 00:55:08.768,4.04715,4.045240000000001,900,900
24.06.2024 00:55:15.039,4.04711,4.04505,900,900
24.06.2024 00:55:17.596,4.04692,4.04485,900,900
24.06.2024 00:55:31.183,4.04692,4.04485,900,900
24.06.2024 00:55:40.354,4.04692,4.04505,900,360
24.06.2024 00:55:41.207,4.04692,4.04485,900,900
24.06.2024 00:55:41.558,4.046930000000001,4.04485,900,900
24.06.2024 00:55:56.253,4.046930000000001,4.04504,900,360
24.06.2024 00:55:56.756,4.04692,4.04506,900,360
24.06.2024 00:55:57.259,4.04692,4.04486,900,900
24.06.2024 00:55:57.311,4.046880000000001,4.04466,900,900
24.06.2024 00:55:58.465,4.046880000000001,4.04478,900,360
24.06.2024 00:55:59.017,4.046880000000001,4.04473,900,360
24.06.2024 00:55:59.669,4.046880000000001,4.04478,900,360
24.06.2024 00:56:00.172,4.04687,4.04467,900,900
24.06.2024 00:56:00.273,4.04706,4.04483,900,900
24.06.2024 00:56:01.175,4.0470500000000005,4.04483,900,900
24.06.2024 00:56:05.288,4.04708,4.04501,900,900
24.06.2024 00:56:07.645,4.047090000000001,4.045,900,900
24.06.2024 00:56:09.901,4.047090000000001,4.0450800000000005,900,360
24.06.2024 00:56:10.454,4.04708,4.04501,900,900
24.06.2024 00:56:11.156,4.047090000000001,4.0450800000000005,900,360
24.06.2024 00:56:14.365,4.047090000000001,4.045,900,900
24.06.2024 00:56:14.967,4.04708,4.04509,900,360
24.06.2024 00:56:19.026,4.047280000000001,4.04518,900,900
24.06.2024 00:56:26.265,4.047280000000001,4.0453,900,360
24.06.2024 00:56:26.767,4.04727,4.045190000000001,900,1260
24.06.2024 00:56:30.178,4.047280000000001,4.0453,900,360
24.06.2024 00:56:30.781,4.047280000000001,4.04518,900,1260
24.06.2024 00:56:31.183,4.047280000000001,4.045190000000001,900,900
24.06.2024 00:56:41.564,4.04725,4.04517,900,900
24.06.2024 00:56:43.620,4.04708,4.04502,900,900
24.06.2024 00:56:43.971,4.0471,4.04517,900,900
24.06.2024 00:56:44.072,4.047090000000001,4.0450800000000005,900,360
24.06.2024 00:56:45.025,4.04711,4.04517,900,900
24.06.2024 00:56:54.995,4.047090000000001,4.04517,900,900
24.06.2024 00:57:11.186,4.0471,4.0451500000000005,900,900
24.06.2024 00:57:31.545,4.0471,4.04516,900,900
24.06.2024 00:57:41.717,4.0471,4.0451500000000005,900,900
24.06.2024 00:57:51.741,4.047090000000001,4.04517,900,900
24.06.2024 00:58:01.725,4.0471,4.0451500000000005,900,900
24.06.2024 00:58:25.030,4.0471,4.04516,900,900
24.06.2024 00:58:40.818,4.047090000000001,4.04516,900,900
24.06.2024 00:59:18.093,4.047280000000001,4.045330000000001,900,900
24.06.2024 00:59:30.049,4.04726,4.0452,900,900
24.06.2024 00:59:41.176,4.04726,4.045190000000001,900,900
24.06.2024 01:00:01.928,4.047090000000001,4.04499,900,360
24.06.2024 01:00:02.229,4.047090000000001,4.04497,900,900
24.06.2024 01:00:03.681,4.0471,4.0451500000000005,900,900
24.06.2024 01:00:11.280,4.04729,4.0453,900,900
24.06.2024 01:00:31.576,4.04729,4.04532,900,900
24.06.2024 01:00:51.707,4.047280000000001,4.04532,900,900
24.06.2024 01:01:01.729,4.047280000000001,4.045330000000001,900,900
24.06.2024 01:01:21.718,4.04729,4.04531,900,900
24.06.2024 01:01:39.396,4.04744,4.0454300000000005,900,900
24.06.2024 01:01:46.812,4.047280000000001,4.04526,900,900
24.06.2024 01:01:47.064,4.047280000000001,4.04536,900,900
24.06.2024 01:01:53.677,4.04745,4.04544,900,900
24.06.2024 01:02:11.288,4.04745,4.04541,900,900
24.06.2024 01:02:21.564,4.04744,4.0454300000000005,900,900
24.06.2024 01:02:29.180,4.04745,4.04535,900,900
24.06.2024 01:02:41.213,4.04745,4.0454,900,900
24.06.2024 01:03:01.563,4.04745,4.04541,900,900
24.06.2024 01:03:11.733,4.04745,4.045380000000001,900,900
24.06.2024 01:03:15.541,4.04726,4.04522,900,360
24.06.2024 01:03:16.746,4.04726,4.0452,900,900
24.06.2024 01:03:25.336,4.0471,4.04512,900,360
24.06.2024 01:03:25.487,4.0471,4.04502,900,900
24.06.2024 01:03:51.547,4.0471,4.04504,900,900
24.06.2024 01:04:01.539,4.0471,4.04505,900,900
24.06.2024 01:04:56.223,4.04727,4.04523,900,900
24.06.2024 01:05:08.400,4.04726,4.045240000000001,900,900
24.06.2024 01:05:38.742,4.047280000000001,4.045330000000001,900,900
24.06.2024 01:05:52.072,4.04727,4.04523,900,900
24.06.2024 01:06:06.385,4.04735,4.04539,900,900
24.06.2024 01:06:06.437,4.047540000000001,4.045380000000001,900,900
24.06.2024 01:06:07.491,4.04736,4.04535,900,900
24.06.2024 01:06:08.495,4.04756,4.04549,900,900
24.06.2024 01:06:08.800,4.04736,4.04537,900,900
24.06.2024 01:06:11.205,4.04734,4.04539,900,900
24.06.2024 01:06:12.057,4.04735,4.04541,900,900
24.06.2024 01:06:28.821,4.04735,4.04541,900,900
24.06.2024 01:06:32.029,4.04735,4.04531,900,900
24.06.2024 01:06:50.026,4.04736,4.045380000000001,900,900
24.06.2024 01:06:52.831,4.04735,4.045280000000001,900,900
24.06.2024 01:06:54.835,4.04736,4.045380000000001,900,900
24.06.2024 01:06:55.287,4.04735,4.045280000000001,900,900
24.06.2024 01:06:59.698,4.04735,4.04539,900,900
24.06.2024 01:07:00.852,4.04734,4.0452900000000005,900,900
24.06.2024 01:07:02.656,4.04736,4.045380000000001,900,900
24.06.2024 01:07:02.707,4.04734,4.0452900000000005,900,900
24.06.2024 01:07:02.858,4.04736,4.045380000000001,900,900
24.06.2024 01:07:04.862,4.04735,4.045280000000001,900,900
24.06.2024 01:07:07.982,4.04735,4.045380000000001,900,900
24.06.2024 01:07:08.293,4.04734,4.0452900000000005,900,900
24.06.2024 01:07:08.544,4.04727,4.04518,900,360
24.06.2024 01:07:08.595,4.04727,4.04511,900,900
24.06.2024 01:07:10.048,4.04726,4.04522,900,900
24.06.2024 01:07:12.004,4.04727,4.0452,900,900
24.06.2024 01:07:24.079,4.04726,4.04522,900,900
24.06.2024 01:07:48.551,4.04726,4.04521,900,900
24.06.2024 01:08:00.277,4.04727,4.04521,900,900
24.06.2024 01:08:05.335,4.04744,4.04541,900,900
24.06.2024 01:08:15.993,4.04744,4.0454,900,900
24.06.2024 01:08:22.558,4.04744,4.0455000000000005,900,900
24.06.2024 01:08:35.241,4.04744,4.04546,900,900
24.06.2024 01:08:36.946,4.04762,4.04565,900,900
24.06.2024 01:08:37.549,4.04742,4.04554,900,360
24.06.2024 01:08:38.052,4.04741,4.04548,900,900
24.06.2024 01:08:46.737,4.04732,4.0452900000000005,900,900
24.06.2024 01:09:01.169,4.04732,4.045280000000001,900,900
24.06.2024 01:09:11.543,4.04732,4.0452900000000005,900,900
24.06.2024 01:09:12.146,4.0475,4.04547,900,900
24.06.2024 01:09:12.804,4.047280000000001,4.04541,900,900
24.06.2024 01:09:13.355,4.047280000000001,4.0454300000000005,900,900
24.06.2024 01:09:16.662,4.047280000000001,4.04531,900,900
24.06.2024 01:09:26.311,4.04745,4.04546,900,900
24.06.2024 01:09:28.365,4.04744,4.04557,900,900
24.06.2024 01:09:31.474,4.04729,4.04545,900,900
24.06.2024 01:09:35.232,4.04729,4.04536,900,900
24.06.2024 01:09:38.739,4.0473,4.04545,900,900
24.06.2024 01:09:39.590,4.04729,4.04536,900,900
24.06.2024 01:09:51.167,4.04729,4.04542,900,900
24.06.2024 01:10:00.295,4.04731,4.0455000000000005,900,900
24.06.2024 01:10:01.299,4.04748,4.04561,900,900
24.06.2024 01:10:02.205,4.047630000000001,4.04581,900,900
24.06.2024 01:10:02.808,4.047630000000001,4.0458300000000005,900,900
24.06.2024 01:10:02.959,4.04762,4.04575,900,900
24.06.2024 01:10:03.160,4.047630000000001,4.0458300000000005,900,900
24.06.2024 01:10:03.211,4.047630000000001,4.04574,900,900
24.06.2024 01:10:05.168,4.04761,4.04582,900,900
24.06.2024 01:10:15.288,4.047630000000001,4.04581,900,900
24.06.2024 01:10:16.090,4.04778,4.04598,900,900
24.06.2024 01:10:19.430,4.04781,4.0458,900,900
24.06.2024 01:10:20.183,4.04778,4.04581,900,900
24.06.2024 01:10:34.923,4.04778,4.04575,900,900
24.06.2024 01:10:49.408,4.04778,4.0457600000000005,900,900
24.06.2024 01:10:59.415,4.04778,4.045780000000001,900,900
24.06.2024 01:11:05.181,4.04765,4.04561,900,360
24.06.2024 01:11:05.883,4.04764,4.0456,900,900
24.06.2024 01:11:08.990,4.047630000000001,4.0455000000000005,900,900
24.06.2024 01:11:21.169,4.04764,4.04553,900,900
24.06.2024 01:11:28.003,4.04764,4.04565,900,900
24.06.2024 01:11:41.186,4.04764,4.045640000000001,900,900
24.06.2024 01:12:12.312,4.047630000000001,4.04557,900,900
24.06.2024 01:12:25.144,4.04764,4.04556,900,900
24.06.2024 01:12:27.300,4.04764,4.0456199999999995,900,360
24.06.2024 01:12:29.857,4.047630000000001,4.04557,900,900
24.06.2024 01:12:37.148,4.04764,4.04558,900,900
24.06.2024 01:12:47.826,4.04762,4.04558,900,900
24.06.2024 01:12:51.987,4.04747,4.04546,900,360
24.06.2024 01:12:52.589,4.04747,4.0453,900,900
24.06.2024 01:12:53.792,4.0475,4.04553,900,900
24.06.2024 01:12:56.748,4.04751,4.045640000000001,900,900
24.06.2024 01:13:30.085,4.0475,4.04554,900,900
24.06.2024 01:13:41.209,4.047490000000001,4.04556,900,900
24.06.2024 01:13:51.209,4.0475,4.04558,900,900
24.06.2024 01:13:51.563,4.0476600000000005,4.04571,900,900
24.06.2024 01:13:53.116,4.0478000000000005,4.04589,900,900
24.06.2024 01:13:55.120,4.04796,4.0460400000000005,900,900
24.06.2024 01:13:55.221,4.0479400000000005,4.046,900,900
24.06.2024 01:13:56.826,4.04811,4.04619,900,900
24.06.2024 01:13:58.182,4.0479400000000005,4.04609,900,900
24.06.2024 01:13:58.985,4.0478000000000005,4.0459000000000005,900,900
24.06.2024 01:14:07.283,4.04781,4.04598,900,900
24.06.2024 01:14:07.735,4.04796,4.04616,900,900
24.06.2024 01:14:09.141,4.04795,4.04607,900,900
24.06.2024 01:14:09.994,4.0481300000000005,4.04623,900,900
24.06.2024 01:14:14.261,4.048290000000001,4.04638,900,900
24.06.2024 01:14:16.466,4.0483,4.04647,900,900
24.06.2024 01:14:21.327,4.048290000000001,4.04638,900,900
24.06.2024 01:14:23.982,4.04811,4.04622,900,900
24.06.2024 01:14:25.238,4.04811,4.04632,900,900
24.06.2024 01:14:36.039,4.0481,4.046250000000001,900,900
24.06.2024 01:14:44.857,4.04795,4.04615,900,900
24.06.2024 01:15:00.245,4.04795,4.046130000000001,900,900
24.06.2024 01:15:00.647,4.04816,4.04628,900,900
24.06.2024 01:15:04.063,4.04826,4.04646,900,900
24.06.2024 01:15:05.216,4.048430000000001,4.0466,900,900
24.06.2024 01:15:06.219,4.04857,4.04676,900,900
24.06.2024 01:15:08.076,4.04858,4.04659,900,1260
24.06.2024 01:15:08.177,4.0484,4.0465,900,900
24.06.2024 01:15:10.136,4.04858,4.0467,900,900
24.06.2024 01:15:14.300,4.0487,4.046830000000001,900,900
24.06.2024 01:15:17.127,4.04859,4.04669,900,900
24.06.2024 01:15:20.036,4.0487400000000004,4.04686,900,900
24.06.2024 01:15:25.302,4.0487400000000004,4.04678,900,900
24.06.2024 01:15:28.160,4.0487400000000004,4.046930000000001,900,360
24.06.2024 01:15:28.362,4.04889,4.04696,900,900
24.06.2024 01:15:28.513,4.04903,4.04711,900,900
24.06.2024 01:15:29.268,4.04921,4.04724,900,900
24.06.2024 01:15:29.923,4.04932,4.04742,900,900
24.06.2024 01:15:35.196,4.0495,4.04757,900,900
24.06.2024 01:15:35.248,4.04936,4.0474000000000006,900,900
24.06.2024 01:15:36.402,4.049440000000001,4.04753,900,900
24.06.2024 01:15:37.606,4.04945,4.0475,900,900
24.06.2024 01:15:37.706,4.04945,4.04761,900,900
24.06.2024 01:15:37.958,4.04945,4.0475,900,900
24.06.2024 01:15:41.568,4.04929,4.04738,900,900
24.06.2024 01:15:42.421,4.04916,4.047280000000001,900,360
24.06.2024 01:15:42.874,4.04916,4.04722,900,900
24.06.2024 01:15:56.176,4.04915,4.04722,900,900
24.06.2024 01:15:56.277,4.04916,4.04731,900,900
24.06.2024 01:16:08.359,4.04917,4.04734,900,900
24.06.2024 01:16:14.974,4.04915,4.04726,900,900
24.06.2024 01:16:16.028,4.04917,4.04734,900,900
24.06.2024 01:16:16.933,4.04916,4.04725,900,900
24.06.2024 01:16:18.588,4.04916,4.04735,900,900
24.06.2024 01:16:19.239,4.04915,4.04726,900,900
24.06.2024 01:16:19.841,4.049130000000001,4.04708,900,360
24.06.2024 01:16:20.193,4.04912,4.04708,900,1260
24.06.2024 01:16:27.109,4.04912,4.04716,900,900
24.06.2024 01:16:29.466,4.04912,4.04707,900,900
24.06.2024 01:16:29.717,4.04896,4.04697,900,360
24.06.2024 01:16:29.970,4.04896,4.046930000000001,900,900
24.06.2024 01:16:30.221,4.04877,4.04675,900,900
24.06.2024 01:16:30.874,4.048780000000001,4.04686,900,900
24.06.2024 01:16:38.190,4.048780000000001,4.04675,900,900
24.06.2024 01:16:45.017,4.0489500000000005,4.04692,900,900
24.06.2024 01:16:46.324,4.04912,4.04711,900,900
24.06.2024 01:16:47.328,4.049300000000001,4.047280000000001,900,900
24.06.2024 01:16:56.951,4.04931,4.04736,900,900
24.06.2024 01:17:01.964,4.04929,4.04737,900,900
24.06.2024 01:17:03.316,4.04931,4.04746,900,900
24.06.2024 01:17:04.396,4.04928,4.04738,900,900
24.06.2024 01:17:05.198,4.04932,4.047540000000001,900,900
24.06.2024 01:17:05.399,4.04933,4.047540000000001,900,900
24.06.2024 01:17:16.727,4.0493500000000004,4.04764,900,900
24.06.2024 01:17:20.186,4.04934,4.047540000000001,900,900
24.06.2024 01:17:22.043,4.04915,4.04734,900,900
24.06.2024 01:17:28.996,4.04916,4.04743,900,900
24.06.2024 01:17:30.300,4.04916,4.04734,900,900
24.06.2024 01:17:32.304,4.04916,4.04743,900,900
24.06.2024 01:17:44.133,4.04932,4.04738,900,900
24.06.2024 01:17:47.440,4.04919,4.04744,900,900
24.06.2024 01:17:47.641,4.04932,4.04746,900,900
24.06.2024 01:17:49.195,4.04927,4.04738,900,900
24.06.2024 01:17:51.602,4.04915,4.04725,900,900
24.06.2024 01:17:57.376,4.04924,4.04738,900,900
24.06.2024 01:18:01.292,4.04916,4.04735,900,900
24.06.2024 01:18:09.508,4.0492300000000006,4.04737,900,900
24.06.2024 01:18:11.413,4.04916,4.04735,900,900
24.06.2024 01:18:19.998,4.048990000000001,4.0472,900,900
24.06.2024 01:18:24.606,4.0490699999999995,4.04721,900,900
24.06.2024 01:18:30.032,4.049,4.0472,900,900
24.06.2024 01:18:32.438,4.048990000000001,4.0471,900,900
24.06.2024 01:18:32.789,4.04882,4.04696,900,900
24.06.2024 01:18:33.842,4.04897,4.04711,900,900
24.06.2024 01:18:46.803,4.04882,4.04694,900,900
24.06.2024 01:19:11.171,4.0488100000000005,4.04694,900,900
24.06.2024 01:19:13.326,4.048640000000001,4.0467699999999995,900,900
24.06.2024 01:19:14.380,4.048640000000001,4.04668,900,900
24.06.2024 01:19:18.537,4.04866,4.04678,900,900
24.06.2024 01:19:19.491,4.04846,4.0466,900,360
24.06.2024 01:19:19.944,4.04845,4.0466,900,360
24.06.2024 01:19:19.995,4.04845,4.0465800000000005,900,360
24.06.2024 01:19:21.950,4.04844,4.04649,900,360
24.06.2024 01:19:23.153,4.04846,4.0466,900,900
24.06.2024 01:19:35.782,4.04845,4.0465800000000005,900,360
24.06.2024 01:19:43.624,4.04845,4.04652,900,900
24.06.2024 01:19:46.179,4.04846,4.04651,900,900
24.06.2024 01:19:47.182,4.04846,4.0465800000000005,900,360
24.06.2024 01:19:48.386,4.04856,4.046740000000001,900,900
24.06.2024 01:19:49.088,4.04856,4.04675,900,900
24.06.2024 01:19:49.240,4.048730000000001,4.04678,900,900
24.06.2024 01:19:49.392,4.04872,4.04676,900,900
24.06.2024 01:19:52.198,4.04872,4.04687,900,900
24.06.2024 01:19:55.804,4.048730000000001,4.04676,900,900
24.06.2024 01:19:56.756,4.04886,4.04694,900,900
24.06.2024 01:19:56.858,4.04866,4.04685,900,900
24.06.2024 01:19:57.209,4.04868,4.046830000000001,900,900
24.06.2024 01:20:00.368,4.04868,4.046930000000001,900,900
24.06.2024 01:20:01.221,4.04887,4.04708,900,900
24.06.2024 01:20:03.477,4.048730000000001,4.046930000000001,900,900
24.06.2024 01:20:07.018,4.04871,4.04685,900,900
24.06.2024 01:20:20.304,4.04872,4.0469,900,900
24.06.2024 01:20:20.905,4.04857,4.04675,900,900
24.06.2024 01:20:21.812,4.0485500000000005,4.04669,900,900
24.06.2024 01:20:25.322,4.0485500000000005,4.04678,900,900
24.06.2024 01:20:25.574,4.0485500000000005,4.04669,900,900
24.06.2024 01:20:30.436,4.04856,4.04675,900,900
24.06.2024 01:20:34.798,4.0484,4.0466,900,900
24.06.2024 01:20:35.000,4.04839,4.046530000000001,900,900
24.06.2024 01:20:38.240,4.04823,4.04638,900,360
24.06.2024 01:20:38.545,4.04804,4.04638,900,360
24.06.2024 01:20:38.646,4.04804,4.0461800000000006,900,900
24.06.2024 01:20:44.759,4.04805,4.046250000000001,900,900
24.06.2024 01:20:46.965,4.04805,4.04616,900,900
24.06.2024 01:20:48.818,4.04805,4.046250000000001,900,900
24.06.2024 01:20:48.919,4.04804,4.04617,900,900
24.06.2024 01:21:00.242,4.04804,4.04626,900,900
24.06.2024 01:21:00.445,4.048240000000001,4.0464400000000005,900,900
24.06.2024 01:21:08.609,4.04841,4.04659,900,900
24.06.2024 01:21:10.917,4.0484,4.0466,900,900
24.06.2024 01:21:23.947,4.04825,4.046480000000001,900,900
24.06.2024 01:21:30.662,4.048240000000001,4.0464,900,900
24.06.2024 01:21:41.191,4.048240000000001,4.046390000000001,900,900
24.06.2024 01:21:51.567,4.04825,4.0464,900,900
24.06.2024 01:21:55.776,4.04842,4.04655,900,900
24.06.2024 01:22:01.238,4.04841,4.04647,900,900
24.06.2024 01:22:04.747,4.048240000000001,4.0463000000000005,900,900
24.06.2024 01:22:07.602,4.04841,4.0464400000000005,900,900
24.06.2024 01:22:12.342,4.048430000000001,4.04664,900,900
24.06.2024 01:22:12.444,4.04859,4.04682,900,900
24.06.2024 01:22:20.563,4.04841,4.0466500000000005,900,900
24.06.2024 01:22:38.906,4.04822,4.04646,900,900
24.06.2024 01:22:39.864,4.0483199999999995,4.04661,900,900
24.06.2024 01:22:40.267,4.04847,4.0466500000000005,900,900
24.06.2024 01:22:41.069,4.04847,4.0467900000000006,900,900
24.06.2024 01:22:41.119,4.048640000000001,4.046880000000001,900,900
24.06.2024 01:22:44.936,4.04847,4.04673,900,900
24.06.2024 01:22:56.407,4.04846,4.04673,900,900
24.06.2024 01:22:58.161,4.04847,4.046830000000001,900,900
24.06.2024 01:23:06.580,4.04847,4.04673,900,900
24.06.2024 01:23:08.082,4.04846,4.046830000000001,900,900
24.06.2024 01:23:13.047,4.0483,4.04664,900,900
24.06.2024 01:23:17.671,4.0485,4.04682,900,900
24.06.2024 01:23:19.223,4.04857,4.04684,900,900
24.06.2024 01:23:21.277,4.04849,4.046830000000001,900,900
24.06.2024 01:23:21.729,4.04822,4.04663,900,900
24.06.2024 01:23:28.946,4.048330000000001,4.04662,900,900
24.06.2024 01:23:29.799,4.04845,4.04659,900,900
24.06.2024 01:23:30.100,4.048330000000001,4.0466,900,900
24.06.2024 01:23:40.974,4.048330000000001,4.0466,900,900
24.06.2024 01:23:58.521,4.04821,4.04657,900,900
24.06.2024 01:24:00.627,4.04839,4.04661,900,900
24.06.2024 01:24:01.580,4.048240000000001,4.0466,900,900
24.06.2024 01:24:01.731,4.04825,4.04659,900,900
24.06.2024 01:24:01.832,4.04805,4.04637,900,900
24.06.2024 01:24:08.399,4.0481300000000005,4.046390000000001,900,900
24.06.2024 01:24:10.253,4.04805,4.04637,900,900
24.06.2024 01:24:10.405,4.04814,4.04638,900,900
24.06.2024 01:24:10.455,4.04804,4.04638,900,900
24.06.2024 01:24:21.678,4.0482000000000005,4.0464199999999995,900,900
24.06.2024 01:24:21.979,4.048030000000001,4.0464,900,900
24.06.2024 01:24:22.080,4.04812,4.04641,900,900
24.06.2024 01:24:30.046,4.048290000000001,4.04656,900,900
24.06.2024 01:24:40.321,4.04828,4.04656,900,900
24.06.2024 01:24:41.724,4.04819,4.04657,900,900
24.06.2024 01:24:44.882,4.04827,4.04657,900,900
24.06.2024 01:24:45.333,4.04819,4.04657,900,900
24.06.2024 01:24:55.856,4.0482000000000005,4.04657,900,900
24.06.2024 01:25:23.405,4.0482000000000005,4.04646,900,900
24.06.2024 01:25:35.207,4.04821,4.04656,900,900
24.06.2024 01:25:35.758,4.0482000000000005,4.04646,900,900
24.06.2024 01:25:40.369,4.04821,4.04656,900,900
24.06.2024 01:25:47.436,4.0482000000000005,4.04647,900,900
24.06.2024 01:26:10.018,4.0482000000000005,4.046480000000001,900,900
24.06.2024 01:26:20.043,4.0482000000000005,4.04647,900,900
24.06.2024 01:26:30.070,4.0482000000000005,4.04646,900,900
24.06.2024 01:26:43.648,4.04821,4.04656,900,900
24.06.2024 01:26:51.888,4.0483400000000005,4.04668,900,900
24.06.2024 01:27:11.185,4.048330000000001,4.04667,900,900
24.06.2024 01:27:21.578,4.0483400000000005,4.0467,900,900
24.06.2024 01:27:22.431,4.04821,4.046530000000001,900,900
24.06.2024 01:27:41.179,4.0482000000000005,4.04655,900,900
24.06.2024 01:27:42.381,4.0482000000000005,4.0464400000000005,900,900
24.06.2024 01:28:00.554,4.04821,4.04654,900,900
24.06.2024 01:28:01.658,4.048030000000001,4.0464,900,900
24.06.2024 01:28:09.373,4.04811,4.046390000000001,900,900
24.06.2024 01:28:09.774,4.048030000000001,4.046390000000001,900,900
24.06.2024 01:28:21.198,4.04804,4.046390000000001,900,900
24.06.2024 01:28:27.012,4.047890000000001,4.04622,900,900
24.06.2024 01:28:41.204,4.04787,4.04623,900,900
24.06.2024 01:28:53.680,4.04788,4.046130000000001,900,900
24.06.2024 01:28:56.385,4.04788,4.04622,900,900
24.06.2024 01:28:57.336,4.04788,4.046130000000001,900,900
24.06.2024 01:29:00.193,4.04787,4.04623,900,900
24.06.2024 01:29:00.346,4.04787,4.04614,900,900
24.06.2024 01:29:00.948,4.04788,4.04622,900,900
24.06.2024 01:29:01.350,4.04787,4.04614,900,900
24.06.2024 01:29:04.440,4.04787,4.046030000000001,900,900
24.06.2024 01:29:08.953,4.048030000000001,4.04621,900,900
24.06.2024 01:29:16.176,4.04819,4.04636,900,900
24.06.2024 01:29:34.174,4.0482000000000005,4.04646,900,900
24.06.2024 01:29:38.067,4.04819,4.04656,900,900
24.06.2024 01:29:51.202,4.04819,4.0465,900,900
24.06.2024 01:30:01.582,4.0482000000000005,4.04649,900,900
24.06.2024 01:30:03.237,4.048380000000001,4.04666,900,900
24.06.2024 01:30:20.333,4.04837,4.0465800000000005,900,900
24.06.2024 01:30:26.294,4.048430000000001,4.04657,900,900
24.06.2024 01:30:41.178,4.048430000000001,4.04656,900,900
24.06.2024 01:30:51.204,4.04845,4.04657,900,900
24.06.2024 01:30:56.265,4.04837,4.04655,900,900
24.06.2024 01:31:00.975,4.048150000000001,4.046340000000001,900,900
24.06.2024 01:31:21.187,4.0481300000000005,4.04635,900,900
24.06.2024 01:31:31.561,4.04816,4.04635,900,900
24.06.2024 01:31:40.908,4.0483400000000005,4.04656,900,900
24.06.2024 01:31:41.010,4.04852,4.046740000000001,900,900
24.06.2024 01:31:51.433,4.0485500000000005,4.04682,900,900
24.06.2024 01:31:51.936,4.04853,4.04672,900,900
24.06.2024 01:31:53.190,4.04871,4.04686,900,900
24.06.2024 01:32:04.361,4.04882,4.04704,900,900
24.06.2024 01:32:05.366,4.048830000000001,4.04704,900,900
24.06.2024 01:32:06.219,4.04896,4.04716,900,900
24.06.2024 01:32:07.323,4.04898,4.04725,900,900
24.06.2024 01:32:08.754,4.04896,4.04715,900,900
24.06.2024 01:32:11.311,4.04896,4.04725,900,900
24.06.2024 01:32:15.672,4.04877,4.04706,900,900
24.06.2024 01:32:26.249,4.04877,4.04706,900,900
24.06.2024 01:32:45.756,4.048640000000001,4.0469100000000005,900,900
24.06.2024 01:32:55.933,4.04863,4.0469100000000005,900,900
24.06.2024 01:32:58.340,4.04846,4.04675,900,900
24.06.2024 01:33:24.570,4.04856,4.04684,900,900
24.06.2024 01:33:26.377,4.04868,4.04701,900,900
24.06.2024 01:33:37.599,4.048690000000001,4.04701,900,900
24.06.2024 01:33:46.478,4.04858,4.04685,900,900
24.06.2024 01:33:56.900,4.04839,4.0467,900,900
24.06.2024 01:34:08.326,4.0484,4.04671,900,900
24.06.2024 01:34:21.164,4.0484,4.04671,900,900
24.06.2024 01:34:31.537,4.048380000000001,4.04672,900,900
24.06.2024 01:34:41.559,4.0484,4.0467,900,900
24.06.2024 01:34:52.282,4.04831,4.04671,900,900
24.06.2024 01:35:03.896,4.04847,4.04685,900,900
24.06.2024 01:35:14.672,4.04847,4.04686,900,900
24.06.2024 01:35:18.183,4.04865,4.0470500000000005,900,900
24.06.2024 01:35:55.638,4.0487400000000004,4.0470500000000005,900,900
24.06.2024 01:35:56.891,4.04858,4.0469100000000005,900,900
24.06.2024 01:36:06.391,4.04841,4.04672,900,900
24.06.2024 01:36:29.196,4.04823,4.04656,900,900
24.06.2024 01:36:41.199,4.048240000000001,4.04656,900,900
24.06.2024 01:36:51.573,4.04825,4.04656,900,900
24.06.2024 01:36:57.937,4.04811,4.046390000000001,900,900
24.06.2024 01:36:58.194,4.0479400000000005,4.04622,900,900
24.06.2024 01:37:10.375,4.047930000000001,4.04623,900,900
24.06.2024 01:37:20.548,4.0479400000000005,4.04623,900,900
24.06.2024 01:37:31.175,4.04795,4.04623,900,900
24.06.2024 01:37:57.139,4.04787,4.04622,900,900
24.06.2024 01:37:58.042,4.04769,4.04606,900,900
24.06.2024 01:38:00.297,4.04778,4.04607,900,900
24.06.2024 01:38:00.349,4.0477,4.04606,900,900
24.06.2024 01:38:05.962,4.04786,4.04622,900,900
24.06.2024 01:38:31.187,4.047840000000001,4.04623,900,900
24.06.2024 01:38:41.462,4.04786,4.04622,900,900
24.06.2024 01:39:01.712,4.04787,4.04623,900,900
24.06.2024 01:39:11.734,4.04787,4.04622,900,900
24.06.2024 01:39:31.577,4.04769,4.0460400000000005,900,900
24.06.2024 01:39:34.437,4.047680000000001,4.04595,900,900
24.06.2024 01:39:41.990,4.047680000000001,4.0460400000000005,900,900
24.06.2024 01:39:50.313,4.0476600000000005,4.04596,900,900
24.06.2024 01:39:58.183,4.047680000000001,4.0460400000000005,900,900
24.06.2024 01:39:58.334,4.047840000000001,4.0462,900,900
24.06.2024 01:40:11.167,4.047840000000001,4.0462,900,900
24.06.2024 01:40:19.573,4.04767,4.04606,900,900
24.06.2024 01:40:21.628,4.047540000000001,4.04592,900,900
24.06.2024 01:40:26.236,4.04762,4.04592,900,900
24.06.2024 01:40:50.368,4.04753,4.04591,900,900
24.06.2024 01:41:01.748,4.04774,4.04609,900,900
24.06.2024 01:41:02.153,4.04755,4.04591,900,900
24.06.2024 01:41:06.562,4.04741,4.0458,900,900
24.06.2024 01:41:11.420,4.047490000000001,4.0458,900,900
24.06.2024 01:41:12.322,4.04739,4.04581,900,900
24.06.2024 01:41:13.675,4.04756,4.04591,900,900
24.06.2024 01:41:29.377,4.047580000000001,4.04582,900,900
24.06.2024 01:41:40.402,4.047580000000001,4.0458300000000005,900,900
24.06.2024 01:41:58.494,4.0475900000000005,4.04592,900,900
24.06.2024 01:42:08.669,4.0475900000000005,4.04592,900,900
24.06.2024 01:42:28.565,4.04757,4.04584,900,900
24.06.2024 01:42:41.210,4.047580000000001,4.04584,900,900
24.06.2024 01:42:51.185,4.0475900000000005,4.04584,900,900
24.06.2024 01:42:58.702,4.0475900000000005,4.04593,900,900
24.06.2024 01:43:11.182,4.04755,4.04592,900,900
24.06.2024 01:43:21.066,4.047540000000001,4.04574,900,900
24.06.2024 01:43:31.194,4.047540000000001,4.0457600000000005,900,900
24.06.2024 01:43:44.323,4.04756,4.0458300000000005,900,900
24.06.2024 01:43:55.815,4.04777,4.04601,900,900
24.06.2024 01:44:11.198,4.047750000000001,4.0460199999999995,900,900
24.06.2024 01:44:18.016,4.0479199999999995,4.04616,900,900
24.06.2024 01:44:25.319,4.0477300000000005,4.0460199999999995,900,900
24.06.2024 01:44:35.198,4.04772,4.04593,900,900
24.06.2024 01:44:44.571,4.0477300000000005,4.04593,900,900
24.06.2024 01:44:45.925,4.0476,4.0457600000000005,900,900
24.06.2024 01:44:49.034,4.0476,4.04587,900,900
24.06.2024 01:44:53.595,4.0476,4.04575,900,900
24.06.2024 01:45:02.931,4.04742,4.04558,900,900
24.06.2024 01:45:13.406,4.04741,4.0456,900,900
24.06.2024 01:46:01.542,4.04742,4.04557,900,900
24.06.2024 01:46:11.714,4.04741,4.045590000000001,900,900
24.06.2024 01:46:21.739,4.04742,4.04557,900,900
24.06.2024 01:46:42.434,4.04741,4.045590000000001,900,900
24.06.2024 01:47:02.918,4.04742,4.04557,900,900
24.06.2024 01:47:10.388,4.04742,4.04567,900,900
24.06.2024 01:47:10.941,4.04725,4.04554,900,900
24.06.2024 01:47:11.043,4.04726,4.0456199999999995,900,900
24.06.2024 01:47:31.555,4.04725,4.04563,900,900
24.06.2024 01:47:35.110,4.04725,4.04553,900,900
24.06.2024 01:47:49.590,4.04732,4.04545,900,900
24.06.2024 01:47:53.851,4.04725,4.04553,900,900
24.06.2024 01:47:56.758,4.04726,4.0454300000000005,900,900
24.06.2024 01:47:58.912,4.04726,4.04552,900,900
24.06.2024 01:48:05.379,4.04744,4.04567,900,900
24.06.2024 01:48:08.385,4.04743,4.04558,900,900
24.06.2024 01:48:10.942,4.04744,4.045680000000001,900,900
24.06.2024 01:48:11.043,4.04743,4.04558,900,900
24.06.2024 01:48:12.683,4.0475,4.04561,900,900
24.06.2024 01:48:23.562,4.047490000000001,4.0456,900,900
24.06.2024 01:48:33.594,4.04747,4.04561,900,900
24.06.2024 01:48:45.372,4.04748,4.04561,900,900
24.06.2024 01:49:21.212,4.047490000000001,4.04561,900,900
24.06.2024 01:49:23.819,4.04765,4.04572,900,900
24.06.2024 01:49:41.193,4.047630000000001,4.04572,900,900
24.06.2024 01:49:51.568,4.04761,4.045730000000001,900,900
24.06.2024 01:50:01.749,4.047630000000001,4.045730000000001,900,900
24.06.2024 01:50:11.719,4.04765,4.045730000000001,900,900
24.06.2024 01:50:21.742,4.0475900000000005,4.04571,900,900
24.06.2024 01:50:23.596,4.0476,4.04581,900,900
24.06.2024 01:50:23.647,4.0475900000000005,4.04571,900,900
24.06.2024 01:50:25.502,4.0475900000000005,4.0458,900,900
24.06.2024 01:50:29.213,4.04736,4.0456,900,900
24.06.2024 01:50:35.583,4.04736,4.04552,900,900
24.06.2024 01:50:36.736,4.04735,4.04563,900,900
24.06.2024 01:50:59.217,4.04737,4.0456199999999995,900,900
24.06.2024 01:51:04.231,4.0474000000000006,4.04571,900,900
24.06.2024 01:51:19.204,4.04736,4.04571,900,900
24.06.2024 01:51:31.368,4.04736,4.04565,900,900
24.06.2024 01:51:41.544,4.04737,4.04565,900,900
24.06.2024 01:51:44.702,4.04744,4.04567,900,900
24.06.2024 01:51:46.457,4.04736,4.04565,900,900
24.06.2024 01:51:48.460,4.04745,4.04566,900,900
24.06.2024 01:51:48.561,4.04737,4.045640000000001,900,900
24.06.2024 01:51:59.236,4.04736,4.04565,900,900
24.06.2024 01:52:09.443,4.04737,4.04566,900,900
24.06.2024 01:52:11.650,4.0473300000000005,4.04539,900,360
24.06.2024 01:52:13.804,4.04734,4.04532,900,360
24.06.2024 01:52:15.262,4.0473300000000005,4.0452,900,1260
24.06.2024 01:52:20.524,4.04735,4.045280000000001,900,900
24.06.2024 01:52:25.433,4.04734,4.04547,900,900
24.06.2024 01:52:28.189,4.04735,4.04539,900,900
24.06.2024 01:52:28.392,4.04736,4.04549,900,900
24.06.2024 01:52:31.047,4.04734,4.0454,900,900
24.06.2024 01:52:41.178,4.04735,4.04546,900,900
24.06.2024 01:52:51.181,4.04741,4.04547,900,900
24.06.2024 01:52:56.494,4.04743,4.04565,900,900
24.06.2024 01:53:10.331,4.04747,4.04572,900,900
24.06.2024 01:53:11.284,4.04745,4.045640000000001,900,900
24.06.2024 01:53:11.335,4.04747,4.04572,900,900
24.06.2024 01:53:21.563,4.04742,4.04571,900,900
24.06.2024 01:53:25.126,4.04753,4.04587,900,900
24.06.2024 01:53:35.600,4.0475900000000005,4.04587,900,900
24.06.2024 01:53:43.018,4.047490000000001,4.04588,900,900
24.06.2024 01:53:44.673,4.047580000000001,4.04588,900,900
24.06.2024 01:53:45.476,4.047490000000001,4.04588,900,900
24.06.2024 01:53:45.778,4.0475900000000005,4.04587,900,900
24.06.2024 01:53:54.746,4.04743,4.045730000000001,900,900
24.06.2024 01:54:05.804,4.04742,4.045730000000001,900,900
24.06.2024 01:54:31.165,4.04742,4.04572,900,900
24.06.2024 01:54:41.542,4.04736,4.045780000000001,900,900
24.06.2024 01:55:00.471,4.0472,4.04558,900,900
24.06.2024 01:55:31.565,4.0472,4.045590000000001,900,900
24.06.2024 01:55:41.740,4.0471900000000005,4.04561,900,900
24.06.2024 01:55:47.255,4.04706,4.0454300000000005,900,900
24.06.2024 01:55:57.280,4.0470500000000005,4.0454300000000005,900,900
24.06.2024 01:56:11.204,4.0470500000000005,4.04545,900,900
24.06.2024 01:56:21.177,4.04707,4.04544,900,900
24.06.2024 01:56:40.732,4.04722,4.0456199999999995,900,900
24.06.2024 01:57:45.925,4.0470500000000005,4.04547,900,900
24.06.2024 01:57:55.896,4.04706,4.04546,900,900
24.06.2024 01:58:03.898,4.0469,4.045280000000001,900,900
24.06.2024 01:58:21.189,4.04689,4.045280000000001,900,900
24.06.2024 01:58:31.565,4.0469,4.045280000000001,900,900
24.06.2024 01:58:40.845,4.0467900000000006,4.04491,900,900
24.06.2024 01:58:51.166,4.0467900000000006,4.0449,900,900
24.06.2024 01:59:01.843,4.0466500000000005,4.044840000000001,900,360
24.06.2024 01:59:02.096,4.04664,4.04478,900,900
24.06.2024 01:59:11.765,4.04684,4.04496,900,900
24.06.2024 01:59:27.259,4.046830000000001,4.044980000000001,900,900
24.06.2024 01:59:41.190,4.04686,4.04497,900,900
24.06.2024 01:59:47.100,4.04685,4.04499,900,360
24.06.2024 01:59:56.981,4.04686,4.04497,900,900
24.06.2024 02:00:01.744,4.04684,4.04496,900,900
24.06.2024 02:00:11.719,4.04684,4.04497,900,900
24.06.2024 02:00:41.170,4.04684,4.04496,900,900
24.06.2024 02:00:51.194,4.046830000000001,4.04496,900,900
24.06.2024 02:01:11.576,4.04684,4.04496,900,900
24.06.2024 02:01:17.042,4.04701,4.0451500000000005,900,900
24.06.2024 02:01:22.407,4.047180000000001,4.0453,900,900
24.06.2024 02:01:37.587,4.047180000000001,4.0452900000000005,900,900
24.06.2024 02:01:51.196,4.047180000000001,4.04531,900,900
24.06.2024 02:02:31.751,4.047180000000001,4.0453,900,900
24.06.2024 02:02:42.626,4.04732,4.04546,900,900
24.06.2024 02:02:56.238,4.0473300000000005,4.04544,900,900
24.06.2024 02:03:08.719,4.0473300000000005,4.04545,900,900
24.06.2024 02:03:21.211,4.04732,4.04545,900,900
24.06.2024 02:03:51.142,4.0471699999999995,4.045280000000001,900,900
24.06.2024 02:04:01.168,4.0471699999999995,4.0452900000000005,900,900
24.06.2024 02:04:11.557,4.0471699999999995,4.045280000000001,900,900
24.06.2024 02:04:12.410,4.04702,4.04512,900,900
24.06.2024 02:04:35.123,4.04682,4.044930000000001,900,360
24.06.2024 02:04:35.477,4.046830000000001,4.0448699999999995,900,900
24.06.2024 02:04:45.899,4.046830000000001,4.0448900000000005,900,900
24.06.2024 02:04:51.276,4.046830000000001,4.04507,900,900
24.06.2024 02:04:53.232,4.046830000000001,4.04497,900,900
24.06.2024 02:04:53.387,4.046830000000001,4.04507,900,900
24.06.2024 02:04:53.438,4.04682,4.044980000000001,900,900
24.06.2024 02:04:57.555,4.046830000000001,4.044980000000001,900,900
24.06.2024 02:04:58.208,4.04682,4.0450800000000005,900,900
24.06.2024 02:04:58.410,4.04682,4.045,900,900
24.06.2024 02:04:59.212,4.046830000000001,4.0450800000000005,900,900
24.06.2024 02:04:59.363,4.04682,4.045,900,900
24.06.2024 02:04:59.564,4.04682,4.045100000000001,900,900
24.06.2024 02:05:01.720,4.046830000000001,4.045,900,900
24.06.2024 02:05:02.523,4.046830000000001,4.045100000000001,900,900
24.06.2024 02:05:03.225,4.046830000000001,4.045,900,900
24.06.2024 02:05:04.229,4.04682,4.04511,900,900
24.06.2024 02:05:05.133,4.04682,4.04501,900,900
24.06.2024 02:05:15.107,4.04669,4.04485,900,900
24.06.2024 02:05:31.211,4.04668,4.04485,900,900
24.06.2024 02:05:36.773,4.04684,4.045030000000001,900,900
24.06.2024 02:06:06.599,4.04722,4.04541,900,900
24.06.2024 02:06:06.651,4.0472,4.045240000000001,900,900
24.06.2024 02:06:06.803,4.047280000000001,4.04544,900,900
24.06.2024 02:06:21.192,4.04726,4.04545,900,900
24.06.2024 02:06:55.086,4.04741,4.0456,900,900
24.06.2024 02:07:11.175,4.04743,4.0456,900,900
24.06.2024 02:08:01.752,4.04742,4.0456,900,900
24.06.2024 02:08:28.050,4.04755,4.04577,900,900
24.06.2024 02:08:40.601,4.04771,4.045850000000001,900,900
24.06.2024 02:09:01.553,4.0477,4.04587,900,900
24.06.2024 02:09:11.378,4.04753,4.04571,900,900
24.06.2024 02:09:21.550,4.047540000000001,4.04571,900,900
24.06.2024 02:09:31.575,4.04752,4.04572,900,900
24.06.2024 02:10:21.744,4.04752,4.045730000000001,900,900
24.06.2024 02:10:41.725,4.04753,4.04571,900,900
24.06.2024 02:11:31.363,4.04756,4.04572,900,900
24.06.2024 02:12:11.197,4.04757,4.04572,900,900
24.06.2024 02:12:34.680,4.04776,4.04592,900,900
24.06.2024 02:12:51.168,4.04774,4.045940000000001,900,900
24.06.2024 02:13:01.201,4.04772,4.04593,900,900
24.06.2024 02:13:11.571,4.04774,4.04593,900,900
24.06.2024 02:13:41.728,4.04774,4.04592,900,900
24.06.2024 02:13:51.703,4.04772,4.04591,900,900
24.06.2024 02:14:51.210,4.04771,4.04589,900,900
24.06.2024 02:15:01.202,4.04772,4.04589,900,900
24.06.2024 02:15:11.573,4.04772,4.04591,900,900
24.06.2024 02:15:41.876,4.047580000000001,4.04575,900,900
24.06.2024 02:16:00.572,4.04757,4.0457600000000005,900,900
24.06.2024 02:16:27.024,4.04774,4.04591,900,900
24.06.2024 02:16:41.212,4.047750000000001,4.04591,900,900
24.06.2024 02:16:42.866,4.04756,4.04575,900,900
24.06.2024 02:17:01.162,4.04756,4.04574,900,900
24.06.2024 02:17:38.921,4.0477300000000005,4.04595,900,900
24.06.2024 02:17:51.171,4.04774,4.04593,900,900
24.06.2024 02:18:01.546,4.0477300000000005,4.04593,900,900
24.06.2024 02:19:01.373,4.04756,4.045780000000001,900,900
24.06.2024 02:19:06.986,4.0477300000000005,4.04593,900,900
24.06.2024 02:19:21.210,4.04774,4.04593,900,900
24.06.2024 02:19:22.565,4.0479,4.04606,900,900
24.06.2024 02:19:51.540,4.047890000000001,4.04606,900,900
24.06.2024 02:20:21.701,4.047890000000001,4.04607,900,900
24.06.2024 02:20:31.729,4.047890000000001,4.04606,900,900
24.06.2024 02:20:38.148,4.04772,4.045850000000001,900,900
24.06.2024 02:20:38.200,4.04757,4.045640000000001,900,900
24.06.2024 02:20:38.506,4.047230000000001,4.0454300000000005,900,900
24.06.2024 02:20:38.908,4.04756,4.0457,900,900
24.06.2024 02:20:39.109,4.0474000000000006,4.0456199999999995,900,900
24.06.2024 02:21:01.554,4.0474000000000006,4.04561,900,900
24.06.2024 02:21:11.731,4.04742,4.04561,900,900
24.06.2024 02:21:21.709,4.04739,4.0456199999999995,900,900
24.06.2024 02:21:26.421,4.04725,4.0454300000000005,900,900
24.06.2024 02:21:41.191,4.04725,4.04544,900,900
24.06.2024 02:21:51.168,4.04729,4.04545,900,900
24.06.2024 02:22:01.548,4.04731,4.04544,900,900
24.06.2024 02:22:11.707,4.047280000000001,4.04545,900,900
24.06.2024 02:22:21.735,4.04726,4.04544,900,900
24.06.2024 02:22:31.712,4.047230000000001,4.04544,900,900
24.06.2024 02:23:16.461,4.04706,4.0453,900,900
24.06.2024 02:23:31.173,4.04707,4.0453,900,900
24.06.2024 02:23:51.576,4.04706,4.0452699999999995,900,900
24.06.2024 02:23:52.831,4.0469100000000005,4.04512,900,900
24.06.2024 02:24:05.810,4.04712,4.0453,1260,900
24.06.2024 02:24:16.720,4.04712,4.04532,900,900
24.06.2024 02:24:30.504,4.04713,4.04532,900,900
24.06.2024 02:24:52.068,4.046930000000001,4.04514,900,900
24.06.2024 02:26:53.837,4.0467699999999995,4.045,900,900
24.06.2024 02:27:00.659,4.04697,4.045190000000001,360,900
24.06.2024 02:27:01.561,4.04682,4.045030000000001,900,900
24.06.2024 02:27:01.663,4.047000000000001,4.04516,900,900
24.06.2024 02:27:05.371,4.04682,4.04501,900,900
24.06.2024 02:29:48.123,4.0469800000000005,4.0451500000000005,900,900
24.06.2024 02:30:06.389,4.04682,4.04499,900,900
24.06.2024 02:30:21.171,4.046830000000001,4.04499,900,900
24.06.2024 02:30:23.981,4.0467,4.044840000000001,900,900
24.06.2024 02:30:33.989,4.0466500000000005,4.04483,900,900
24.06.2024 02:31:01.560,4.04663,4.044840000000001,900,900
24.06.2024 02:31:11.544,4.0466500000000005,4.04483,900,900
24.06.2024 02:31:51.721,4.04664,4.04483,900,900
24.06.2024 02:32:01.749,4.0466500000000005,4.04483,900,900
24.06.2024 02:33:02.300,4.04672,4.04483,900,900
24.06.2024 02:33:13.826,4.04673,4.04483,900,900
24.06.2024 02:33:19.640,4.04685,4.04499,900,900
24.06.2024 02:33:31.195,4.04686,4.04499,900,900
24.06.2024 02:33:37.063,4.04701,4.04512,900,900
24.06.2024 02:33:51.194,4.04702,4.04513,900,900
24.06.2024 02:34:11.560,4.04699,4.04514,900,900
24.06.2024 02:34:31.710,4.04697,4.04514,900,900
24.06.2024 02:34:41.735,4.04699,4.04514,900,900
24.06.2024 02:34:51.709,4.0469800000000005,4.04512,900,900
24.06.2024 02:35:02.335,4.0469800000000005,4.04514,900,900
24.06.2024 02:35:17.103,4.04697,4.04513,900,900
24.06.2024 02:35:31.188,4.04697,4.04513,900,900
24.06.2024 02:35:40.510,4.046830000000001,4.045,900,900
24.06.2024 02:36:15.994,4.04701,4.0451500000000005,1260,900
24.06.2024 02:36:31.032,4.04703,4.04516,900,900
24.06.2024 02:36:41.211,4.0470500000000005,4.04516,900,900
24.06.2024 02:36:51.561,4.04703,4.0451500000000005,900,900
24.06.2024 02:37:01.536,4.04704,4.04516,900,900
24.06.2024 02:37:11.712,4.04701,4.0451500000000005,900,900
24.06.2024 02:37:21.736,4.04702,4.0451500000000005,900,900
24.06.2024 02:37:42.442,4.047140000000001,4.04532,900,900
24.06.2024 02:37:45.550,4.04711,4.045330000000001,360,900
24.06.2024 02:37:47.104,4.047140000000001,4.04532,900,900
24.06.2024 02:38:08.154,4.04715,4.04531,900,900
24.06.2024 02:38:31.396,4.04716,4.04531,900,900
24.06.2024 02:38:41.577,4.047140000000001,4.04532,900,900
24.06.2024 02:39:00.276,4.04699,4.04517,900,900
24.06.2024 02:39:10.448,4.04684,4.045,900,900
24.06.2024 02:39:21.211,4.04684,4.04501,900,900
24.06.2024 02:39:56.449,4.04702,4.04523,360,900
24.06.2024 02:39:56.500,4.04706,4.04522,900,900
24.06.2024 02:39:57.689,4.047090000000001,4.04505,900,900
24.06.2024 02:40:11.174,4.04711,4.04507,900,900
24.06.2024 02:40:41.705,4.04711,4.0450800000000005,900,900
24.06.2024 02:40:50.163,4.04722,4.0452900000000005,360,900
24.06.2024 02:40:51.318,4.04732,4.0452900000000005,1260,900
24.06.2024 02:41:10.714,4.0473300000000005,4.0452900000000005,900,900
24.06.2024 02:41:11.165,4.04731,4.0453,900,900
24.06.2024 02:41:21.191,4.04731,4.04531,900,900
24.06.2024 02:41:41.575,4.04732,4.0452900000000005,900,900
24.06.2024 02:41:51.548,4.0473300000000005,4.0452900000000005,900,900
24.06.2024 02:42:01.573,4.04732,4.0453,900,900
24.06.2024 02:42:11.744,4.04732,4.0452900000000005,900,900
24.06.2024 02:42:21.718,4.04732,4.0453,900,900
24.06.2024 02:42:29.387,4.04742,4.04547,360,900
24.06.2024 02:42:29.489,4.04741,4.0456900000000005,360,900
24.06.2024 02:42:29.894,4.0477300000000005,4.045680000000001,900,900
24.06.2024 02:42:39.663,4.04771,4.045680000000001,900,900
24.06.2024 02:42:49.837,4.04772,4.045680000000001,900,900
24.06.2024 02:43:01.169,4.0477,4.0456900000000005,900,900
24.06.2024 02:43:28.736,4.04787,4.045850000000001,900,900
24.06.2024 02:43:28.888,4.04788,4.04601,360,900
24.06.2024 02:43:29.239,4.04806,4.0460199999999995,900,900
24.06.2024 02:43:38.857,4.04806,4.046,900,900
24.06.2024 02:43:49.126,4.04806,4.04601,900,900
24.06.2024 02:44:11.182,4.04806,4.046,900,900
24.06.2024 02:44:21.206,4.04807,4.04601,900,900
24.06.2024 02:45:21.577,4.04811,4.04601,900,900
24.06.2024 02:45:31.554,4.04811,4.0460199999999995,900,900
24.06.2024 02:45:31.605,4.04801,4.0460199999999995,360,900
