Gmt time,Ask,Bid,AskVolume,BidVolume
24.06.2024 05:54:52.588,32.85738,32.81007,900,900
24.06.2024 05:54:53.541,32.85738,32.81047,900,900
24.06.2024 05:54:54.093,32.857459999999996,32.81323,2700,900
24.06.2024 05:54:54.144,32.859100000000005,32.81323,2700,900
24.06.2024 05:54:54.395,32.85851,32.81323,900,900
24.06.2024 05:54:54.446,32.85851,32.81245,900,900
24.06.2024 05:54:55.450,32.85851,32.812090000000005,900,900
24.06.2024 05:54:55.701,32.85851,32.81211,900,900
24.06.2024 05:55:11.989,32.85556,32.81281,450,900
24.06.2024 05:55:12.092,32.85556,32.82533,450,900
24.06.2024 05:55:12.194,32.85556,32.82827,450,900
24.06.2024 05:55:12.296,32.85198,32.82827,2700,900
24.06.2024 05:55:12.397,32.85198,32.82826,2700,900
24.06.2024 05:55:12.498,32.85228,32.82826,2700,900
24.06.2024 05:55:13.151,32.852270000000004,32.82826,2700,900
24.06.2024 05:55:13.402,32.85544,32.82837,2700,900
24.06.2024 05:55:13.604,32.85544,32.82838,2700,900
24.06.2024 05:55:13.655,32.85571,32.82838,2700,900
24.06.2024 05:55:14.057,32.85571,32.82762,2700,900
24.06.2024 05:55:16.063,32.85571,32.82838,2700,900
24.06.2024 05:55:16.514,32.85253,32.82565,2700,2700
24.06.2024 05:55:36.288,32.85347,32.811659999999996,2700,900
24.06.2024 05:55:36.389,32.8536,32.811659999999996,2700,900
24.06.2024 05:55:37.793,32.86038,32.814280000000004,2700,900
24.06.2024 05:55:37.894,32.86038,32.81473,2700,900
24.06.2024 05:55:37.945,32.86038,32.81342,2700,900
24.06.2024 05:55:37.996,32.86038,32.81304,2700,900
24.06.2024 05:55:38.047,32.85933,32.81304,2700,900
24.06.2024 05:55:38.148,32.85933,32.8132,2700,900
24.06.2024 05:55:38.249,32.85933,32.813390000000005,2700,900
24.06.2024 05:55:38.350,32.859190000000005,32.813190000000006,2700,900
24.06.2024 05:55:38.552,32.85486,32.81283,2700,900
24.06.2024 05:55:38.753,32.85486,32.81295,2700,900
24.06.2024 05:55:38.804,32.85901,32.81295,2700,900
24.06.2024 05:55:38.955,32.85901,32.81286,2700,900
24.06.2024 05:55:39.056,32.857890000000005,32.81286,2700,900
24.06.2024 05:55:39.158,32.857890000000005,32.81295,2700,900
24.06.2024 05:55:39.259,32.857890000000005,32.81322,2700,900
24.06.2024 05:55:39.360,32.85656,32.81348,2700,900
24.06.2024 05:55:39.411,32.85656,32.81304,2700,900
24.06.2024 05:55:39.563,32.85993,32.81349,2700,900
24.06.2024 05:55:39.764,32.85993,32.81346,2700,900
24.06.2024 05:55:39.815,32.85475,32.81348,2700,900
24.06.2024 05:55:40.066,32.85974,32.81348,2700,900
24.06.2024 05:55:40.167,32.85974,32.81349,2700,900
24.06.2024 05:55:40.318,32.85992,32.81349,2700,900
24.06.2024 05:55:40.420,32.85992,32.81393,2700,900
24.06.2024 05:55:40.571,32.86005,32.81356,2700,900
24.06.2024 05:55:40.772,32.86005,32.8134,2700,900
24.06.2024 05:55:40.823,32.85475,32.8134,2700,900
24.06.2024 05:55:41.024,32.85475,32.81365,2700,900
24.06.2024 05:55:41.075,32.85976,32.815340000000006,2700,900
24.06.2024 05:55:41.126,32.85976,32.81406,2700,900
24.06.2024 05:55:41.177,32.85976,32.815340000000006,2700,900
24.06.2024 05:55:41.228,32.85976,32.81335,2700,900
24.06.2024 05:55:41.279,32.86018,32.81335,2700,900
24.06.2024 05:55:41.330,32.86018,32.81368,2700,900
24.06.2024 05:55:41.381,32.86018,32.81309,2700,2700
24.06.2024 05:55:41.532,32.85215,32.81297,2700,900
24.06.2024 05:55:41.634,32.85215,32.81338,2700,900
24.06.2024 05:55:41.735,32.85215,32.81331,2700,900
24.06.2024 05:55:41.786,32.85806,32.81348,2700,900
24.06.2024 05:55:41.837,32.85806,32.813430000000004,2700,900
24.06.2024 05:55:41.888,32.85806,32.81348,2700,900
24.06.2024 05:55:42.039,32.85264,32.81376,2700,900
24.06.2024 05:55:42.090,32.85264,32.81364000000001,2700,900
24.06.2024 05:55:42.191,32.85264,32.81301,2700,900
24.06.2024 05:55:42.291,32.85792,32.81301,2700,900
24.06.2024 05:55:42.393,32.85792,32.81289,2700,900
24.06.2024 05:55:42.444,32.85792,32.812990000000006,2700,900
24.06.2024 05:55:42.545,32.85848,32.812990000000006,2700,900
24.06.2024 05:55:42.595,32.85848,32.813140000000004,2700,900
24.06.2024 05:55:42.797,32.85741,32.812940000000005,2700,900
24.06.2024 05:55:42.898,32.85741,32.81329,2700,900
24.06.2024 05:55:42.999,32.85741,32.81361,2700,900
24.06.2024 05:55:43.050,32.85866,32.81439,2700,900
24.06.2024 05:55:43.151,32.85866,32.8136,2700,900
24.06.2024 05:55:43.202,32.85866,32.81297,2700,900
24.06.2024 05:55:43.304,32.8586,32.81297,2700,900
24.06.2024 05:55:43.405,32.8586,32.81303,2700,900
24.06.2024 05:55:43.657,32.8586,32.81315,2700,900
24.06.2024 05:55:43.808,32.85739,32.81393,2700,900
24.06.2024 05:55:43.909,32.85739,32.81362,2700,900
24.06.2024 05:55:44.060,32.85804,32.81451,2700,900
24.06.2024 05:55:44.212,32.85804,32.81321,2700,900
24.06.2024 05:55:44.263,32.85804,32.813120000000005,2700,900
24.06.2024 05:55:44.414,32.85871,32.81421,2700,900
24.06.2024 05:55:44.565,32.85808,32.81421,2700,900
24.06.2024 05:55:44.816,32.85862,32.81421,2700,900
24.06.2024 05:56:00.099,32.859570000000005,32.81408,2700,900
24.06.2024 05:56:15.770,32.86039,32.81408,2700,900
24.06.2024 05:56:15.821,32.86039,32.81366,2700,900
24.06.2024 05:56:15.922,32.86039,32.81561,2700,900
24.06.2024 05:56:16.023,32.860440000000004,32.81561,2700,900
24.06.2024 05:56:16.124,32.860440000000004,32.81598,2700,900
24.06.2024 05:56:16.276,32.860350000000004,32.81598,2700,900
24.06.2024 05:56:18.832,32.86159000000001,32.81598,450,900
24.06.2024 05:56:22.988,32.860350000000004,32.81598,2700,900
24.06.2024 05:56:23.239,32.86159000000001,32.81598,450,900
24.06.2024 05:56:23.491,32.861200000000004,32.81598,2700,900
24.06.2024 05:56:34.366,32.86099,32.81598,450,900
24.06.2024 05:56:59.090,32.860820000000004,32.81598,2700,900
24.06.2024 05:57:01.194,32.86099,32.81598,450,900
24.06.2024 06:00:00.164,32.86118,32.81558,900,900
24.06.2024 06:00:00.924,32.86118,32.81558,900,900
24.06.2024 06:00:03.536,32.86106,32.81779,2700,900
24.06.2024 06:00:03.787,32.86271,32.81779,900,900
24.06.2024 06:00:04.038,32.862700000000004,32.81779,900,900
24.06.2024 06:00:13.116,32.861000000000004,32.81754,2700,900
24.06.2024 06:00:14.119,32.861000000000004,32.81817,2700,900
24.06.2024 06:00:14.170,32.86307,32.81817,900,900
24.06.2024 06:00:15.323,32.86301,32.81817,900,900
24.06.2024 06:00:16.125,32.863,32.81817,900,900
24.06.2024 06:00:17.780,32.86059,32.81817,2700,900
24.06.2024 06:00:19.048,32.86055,32.81817,2700,900
24.06.2024 06:00:21.757,32.86051,32.81817,2700,900
24.06.2024 06:00:22.110,32.863020000000006,32.81817,900,900
24.06.2024 06:00:22.614,32.860459999999996,32.81817,2700,900
24.06.2024 06:00:24.117,32.86043,32.82629000000001,2700,900
24.06.2024 06:00:24.369,32.860150000000004,32.82629000000001,2700,900
24.06.2024 06:00:25.372,32.863020000000006,32.82629000000001,2700,900
24.06.2024 06:00:25.523,32.863020000000006,32.82628,2700,900
24.06.2024 06:00:26.076,32.86646,32.825559999999996,900,900
24.06.2024 06:00:28.635,32.86645,32.82555,900,900
24.06.2024 06:00:29.437,32.86645,32.825540000000004,900,900
24.06.2024 06:00:29.839,32.866440000000004,32.825540000000004,900,900
24.06.2024 06:00:51.429,32.866440000000004,32.82568,900,900
24.06.2024 06:00:51.630,32.86643,32.82568,900,900
24.06.2024 06:00:51.881,32.86033,32.82568,2700,900
24.06.2024 06:00:53.235,32.86033,32.82567,2700,900
24.06.2024 06:00:53.336,32.86643,32.82567,900,900
24.06.2024 06:00:54.038,32.866420000000005,32.82567,900,900
24.06.2024 06:00:55.842,32.866420000000005,32.82566,900,900
24.06.2024 06:00:56.645,32.86641,32.82566,900,900
24.06.2024 06:00:58.249,32.86641,32.82565,900,900
24.06.2024 06:00:58.853,32.867650000000005,32.8269,900,900
24.06.2024 06:01:10.742,32.86796,32.82629000000001,900,900
24.06.2024 06:01:10.843,32.86043,32.82629000000001,2700,900
24.06.2024 06:01:11.094,32.8679,32.82629000000001,2700,900
24.06.2024 06:01:11.346,32.86782,32.82628,2700,900
24.06.2024 06:01:11.598,32.86795,32.82628,900,900
24.06.2024 06:01:11.949,32.867940000000004,32.82628,900,900
24.06.2024 06:01:12.150,32.867940000000004,32.82627,900,900
24.06.2024 06:01:12.752,32.86793,32.82627,900,900
24.06.2024 06:01:12.953,32.86793,32.82626,900,900
24.06.2024 06:01:13.556,32.867920000000005,32.82626,900,900
24.06.2024 06:01:13.958,32.867920000000005,32.82625,900,900
24.06.2024 06:01:14.560,32.86791,32.82625,900,900
24.06.2024 06:01:14.762,32.86791,32.826240000000006,900,900
24.06.2024 06:01:15.364,32.8679,32.826240000000006,900,900
24.06.2024 06:01:15.526,32.8679,32.82623,900,900
24.06.2024 06:01:16.128,32.86789,32.82623,900,900
24.06.2024 06:01:16.531,32.86789,32.82622,900,900
24.06.2024 06:01:17.133,32.86788,32.82622,900,900
24.06.2024 06:01:17.334,32.86788,32.826209999999996,900,900
24.06.2024 06:01:17.937,32.86787,32.826209999999996,900,900
24.06.2024 06:01:18.338,32.86787,32.8262,900,900
24.06.2024 06:01:18.941,32.86786,32.8262,900,900
24.06.2024 06:01:19.141,32.86786,32.826190000000004,900,900
24.06.2024 06:01:19.743,32.867850000000004,32.826190000000004,900,900
24.06.2024 06:01:20.145,32.867850000000004,32.82618,900,900
24.06.2024 06:01:20.747,32.86784,32.82618,900,900
24.06.2024 06:01:20.948,32.86784,32.826170000000005,900,900
24.06.2024 06:01:21.550,32.86783,32.826170000000005,900,900
24.06.2024 06:01:21.951,32.86783,32.82616,900,900
24.06.2024 06:01:22.553,32.86782,32.82616,900,900
24.06.2024 06:01:22.754,32.86782,32.82615,900,900
24.06.2024 06:01:23.557,32.86781,32.82615,900,900
24.06.2024 06:01:23.758,32.86781,32.82614,900,900
24.06.2024 06:01:24.359,32.8678,32.82614,900,900
24.06.2024 06:01:24.760,32.8678,32.82613,900,900
24.06.2024 06:01:25.363,32.86779000000001,32.82613,900,900
24.06.2024 06:01:25.764,32.86779000000001,32.82612,900,900
24.06.2024 06:01:26.366,32.86778,32.82612,900,900
24.06.2024 06:01:26.567,32.86778,32.82611,900,900
24.06.2024 06:01:27.368,32.86777,32.82611,900,900
24.06.2024 06:01:27.569,32.86777,32.826100000000004,900,900
24.06.2024 06:01:28.171,32.86776,32.826100000000004,900,900
24.06.2024 06:01:28.572,32.86776,32.82609,900,900
24.06.2024 06:01:29.174,32.86775,32.82609,900,900
24.06.2024 06:01:29.576,32.86775,32.82608,900,900
24.06.2024 06:01:30.078,32.86613,32.8268,900,900
24.06.2024 06:01:36.297,32.86607,32.82674,900,900
24.06.2024 06:01:36.549,32.86606,32.82673,900,900
24.06.2024 06:02:00.232,32.8654,32.82699,900,900
24.06.2024 06:02:00.536,32.86476,32.81924,900,900
24.06.2024 06:02:00.637,32.86476,32.81798,900,900
24.06.2024 06:02:18.749,32.86573,32.8264,900,900
24.06.2024 06:02:20.156,32.865050000000004,32.81837,900,900
24.06.2024 06:03:13.131,32.86498,32.826570000000004,900,900
24.06.2024 06:03:17.763,32.862570000000005,32.81897,2700,900
24.06.2024 06:03:28.448,32.86654,32.825790000000005,900,900
24.06.2024 06:03:29.451,32.86657,32.81852,900,900
24.06.2024 06:03:29.502,32.86657,32.81788,900,900
24.06.2024 06:03:29.653,32.86656,32.81788,900,900
24.06.2024 06:03:29.754,32.860290000000006,32.81788,2700,900
24.06.2024 06:03:30.757,32.85974,32.81788,2700,900
24.06.2024 06:03:30.908,32.85974,32.81841,2700,900
24.06.2024 06:03:31.009,32.86656,32.81841,900,900
24.06.2024 06:03:33.266,32.86632,32.82553,2700,900
24.06.2024 06:03:33.869,32.86643,32.82553,900,900
24.06.2024 06:03:35.423,32.86643,32.825520000000004,900,900
24.06.2024 06:03:48.472,32.867740000000005,32.82491,900,900
24.06.2024 06:03:48.723,32.866240000000005,32.82491,2700,900
24.06.2024 06:03:48.824,32.866240000000005,32.8249,2700,900
24.06.2024 06:03:48.975,32.867740000000005,32.8249,900,900
24.06.2024 06:03:49.277,32.86711,32.8249,2700,900
24.06.2024 06:03:52.089,32.8603,32.81817,2700,900
24.06.2024 06:04:05.732,32.86475,32.82567,2700,900
24.06.2024 06:04:05.983,32.86442,32.82567,2700,900
24.06.2024 06:04:07.037,32.86037,32.82567,2700,900
24.06.2024 06:04:07.238,32.86037,32.81758,2700,900
24.06.2024 06:04:07.540,32.86012,32.8176,2700,900
24.06.2024 06:04:08.044,32.85967,32.817690000000006,2700,900
24.06.2024 06:04:08.296,32.85965,32.817690000000006,2700,900
24.06.2024 06:04:18.035,32.86023,32.82564000000001,2700,900
24.06.2024 06:04:18.237,32.86639,32.82528,2700,900
24.06.2024 06:04:19.340,32.867200000000004,32.82528,900,900
24.06.2024 06:04:36.446,32.86636,32.8256,900,900
24.06.2024 06:04:41.024,32.86457,32.81804,2700,900
24.06.2024 06:04:41.275,32.860440000000004,32.81804,2700,900
24.06.2024 06:04:56.868,32.86247,32.81824,2700,900
24.06.2024 06:04:57.521,32.86244000000001,32.81824,2700,900
24.06.2024 06:04:58.277,32.866080000000004,32.8252,2700,900
24.06.2024 06:04:58.528,32.865950000000005,32.8252,2700,900
24.06.2024 06:04:58.979,32.865640000000006,32.8252,2700,900
24.06.2024 06:04:59.231,32.86712,32.8252,900,900
24.06.2024 06:05:05.907,32.8648,32.8247,2700,900
24.06.2024 06:05:08.064,32.86403,32.81857,900,900
24.06.2024 06:05:08.115,32.86403,32.81781,900,900
24.06.2024 06:05:09.171,32.86525,32.82495,2700,900
24.06.2024 06:05:09.322,32.867020000000004,32.82495,900,900
24.06.2024 06:05:10.176,32.867020000000004,32.824940000000005,900,900
24.06.2024 06:05:10.479,32.86739000000001,32.82473,2700,900
24.06.2024 06:05:30.836,32.86627,32.825520000000004,900,900
24.06.2024 06:05:31.038,32.86341,32.825520000000004,2700,900
24.06.2024 06:05:31.439,32.86341,32.82551,2700,900
24.06.2024 06:05:31.541,32.86627,32.82551,900,900
24.06.2024 06:05:32.093,32.86686,32.82515,2700,900
24.06.2024 06:05:32.144,32.86573,32.82515,2700,900
24.06.2024 06:05:32.396,32.86585,32.82515,2700,900
24.06.2024 06:05:33.048,32.86699,32.82515,2700,900
24.06.2024 06:05:33.300,32.8658,32.82515,2700,900
24.06.2024 06:05:35.857,32.86375,32.81943,900,900
24.06.2024 06:05:35.908,32.86375,32.81812,900,900
24.06.2024 06:05:36.109,32.860670000000006,32.81812,2700,900
24.06.2024 06:05:36.261,32.860670000000006,32.818940000000005,2700,900
24.06.2024 06:05:36.362,32.86375,32.818940000000005,900,900
24.06.2024 06:05:44.792,32.86186,32.817209999999996,2700,900
24.06.2024 06:05:45.043,32.86186,32.81903,2700,900
24.06.2024 06:05:46.349,32.865,32.825140000000005,2700,900
24.06.2024 06:05:46.600,32.86466,32.825140000000005,2700,900
24.06.2024 06:05:47.803,32.86418,32.81911,900,900
24.06.2024 06:05:47.904,32.86418,32.8181,900,900
24.06.2024 06:05:48.056,32.85988,32.8181,2700,900
24.06.2024 06:05:48.307,32.8598,32.8181,2700,900
24.06.2024 06:05:58.085,32.86253,32.81916,900,900
24.06.2024 06:06:02.393,32.86253,32.819520000000004,900,900
24.06.2024 06:06:02.945,32.86213,32.819900000000004,900,900
24.06.2024 06:06:02.996,32.86186,32.81811,900,900
24.06.2024 06:06:03.750,32.86394000000001,32.82524,2700,900
24.06.2024 06:06:05.355,32.86394000000001,32.82524,2700,900
24.06.2024 06:06:07.160,32.86202,32.81964000000001,900,900
24.06.2024 06:06:07.211,32.86202,32.81846,900,900
24.06.2024 06:06:07.412,32.86059,32.81846,2700,900
24.06.2024 06:06:07.664,32.85998,32.825190000000006,2700,900
24.06.2024 06:06:08.567,32.859970000000004,32.825190000000006,2700,900
24.06.2024 06:06:09.621,32.859970000000004,32.82518,2700,900
24.06.2024 06:06:09.672,32.8584,32.818740000000005,2700,900
24.06.2024 06:06:09.722,32.8584,32.81865,2700,900
24.06.2024 06:06:09.924,32.859770000000005,32.81865,2700,900
24.06.2024 06:06:10.978,32.85968,32.81865,2700,900
24.06.2024 06:06:11.230,32.86206,32.81865,900,900
24.06.2024 06:06:11.481,32.85973,32.81865,2700,900
24.06.2024 06:06:11.733,32.86206,32.81865,900,900
24.06.2024 06:06:11.984,32.85965,32.81865,2700,900
24.06.2024 06:06:13.338,32.859700000000004,32.81865,2700,900
24.06.2024 06:06:14.542,32.85973,32.81865,2700,900
24.06.2024 06:06:18.463,32.85974,32.81865,2700,900
24.06.2024 06:06:22.374,32.85975,32.81865,2700,900
24.06.2024 06:06:22.525,32.85975,32.81577,2700,900
24.06.2024 06:06:22.626,32.86124,32.81577,900,900
24.06.2024 06:06:22.828,32.86124,32.8187,900,900
24.06.2024 06:06:28.747,32.86621,32.82546,900,900
24.06.2024 06:06:30.001,32.85983,32.82546,2700,900
24.06.2024 06:06:30.102,32.85983,32.8251,2700,900
24.06.2024 06:06:30.253,32.86263,32.8251,2700,900
24.06.2024 06:06:31.057,32.867020000000004,32.8251,900,900
24.06.2024 06:06:32.058,32.86621,32.82546,900,900
24.06.2024 06:06:33.664,32.86106,32.814659999999996,900,900
24.06.2024 06:06:33.715,32.86106,32.81683,900,900
24.06.2024 06:06:33.915,32.859970000000004,32.81683,2700,900
24.06.2024 06:06:34.669,32.860020000000006,32.81683,2700,900
24.06.2024 06:06:34.870,32.860020000000006,32.817750000000004,2700,900
24.06.2024 06:06:35.873,32.8602,32.81629,2700,900
24.06.2024 06:06:36.124,32.8605,32.81629,2700,900
24.06.2024 06:06:36.376,32.86233,32.81629,900,900
24.06.2024 06:06:36.627,32.85998,32.81629,2700,900
24.06.2024 06:06:36.879,32.86238,32.81629,900,900
24.06.2024 06:06:37.381,32.86006,32.81629,2700,900
24.06.2024 06:06:37.632,32.86692,32.824850000000005,900,900
24.06.2024 06:06:37.884,32.864520000000006,32.824850000000005,2700,900
24.06.2024 06:06:38.136,32.86255,32.81381,900,900
24.06.2024 06:06:38.639,32.86255,32.814640000000004,900,2700
24.06.2024 06:06:39.142,32.86254,32.814640000000004,900,2700
24.06.2024 06:06:41.147,32.86254,32.81381,900,900
24.06.2024 06:06:45.358,32.86254,32.81429000000001,900,900
24.06.2024 06:06:47.014,32.86249,32.81429000000001,900,900
24.06.2024 06:06:47.265,32.86254,32.81429000000001,900,900
24.06.2024 06:06:50.777,32.85856,32.81429000000001,2700,900
24.06.2024 06:06:50.828,32.85856,32.81749000000001,2700,900
24.06.2024 06:06:51.029,32.8569,32.81749000000001,2700,900
24.06.2024 06:06:51.734,32.85692,32.81749000000001,2700,900
24.06.2024 06:07:01.211,32.86782,32.8248,900,900
24.06.2024 06:07:01.464,32.86061,32.8248,2700,900
24.06.2024 06:07:01.916,32.86186,32.8248,2700,900
24.06.2024 06:07:02.920,32.86278,32.8248,2700,900
24.06.2024 06:07:03.171,32.862,32.8248,2700,900
24.06.2024 06:07:03.724,32.8619,32.8248,2700,900
24.06.2024 06:07:03.925,32.86403,32.8186,900,900
24.06.2024 06:07:04.177,32.8562,32.82412,2700,900
24.06.2024 06:07:05.480,32.85615,32.82412,2700,900
24.06.2024 06:07:05.732,32.86225,32.82412,2700,900
24.06.2024 06:07:06.033,32.86225,32.82411,2700,900
24.06.2024 06:07:06.184,32.86292,32.82411,2700,900
24.06.2024 06:07:06.436,32.86208,32.82411,2700,900
24.06.2024 06:07:06.687,32.862120000000004,32.82411,2700,900
24.06.2024 06:07:07.640,32.86213,32.82411,2700,900
24.06.2024 06:07:08.192,32.862230000000004,32.82411,2700,900
24.06.2024 06:07:08.844,32.86229,32.82411,2700,900
24.06.2024 06:07:09.346,32.85805,32.81504,2700,900
24.06.2024 06:07:09.397,32.85805,32.81815,2700,900
24.06.2024 06:07:09.598,32.85643,32.81815,2700,900
24.06.2024 06:07:10.050,32.85651,32.81815,2700,900
24.06.2024 06:07:11.254,32.85631,32.81815,2700,900
24.06.2024 06:07:11.906,32.85621,32.81815,2700,900
24.06.2024 06:07:13.059,32.85616,32.81815,2700,900
24.06.2024 06:07:13.663,32.85616,32.81815,2700,900
24.06.2024 06:07:13.914,32.85615,32.81815,2700,900
24.06.2024 06:07:14.116,32.85615,32.81669,2700,900
24.06.2024 06:07:15.872,32.863350000000004,32.81497,2700,900
24.06.2024 06:07:16.975,32.86305,32.81497,2700,900
24.06.2024 06:07:17.126,32.86305,32.81533,2700,900
24.06.2024 06:07:17.227,32.863150000000005,32.81533,2700,900
24.06.2024 06:07:18.481,32.86331,32.81533,2700,900
24.06.2024 06:07:28.012,32.863220000000005,32.81533,2700,900
24.06.2024 06:07:28.464,32.86238,32.82524,2700,900
24.06.2024 06:07:28.515,32.859790000000004,32.82524,2700,900
24.06.2024 06:07:28.967,32.85921,32.82524,2700,900
24.06.2024 06:07:30.169,32.85578,32.82524,2700,900
24.06.2024 06:07:31.372,32.85546,32.82524,2700,900
24.06.2024 06:07:32.577,32.85544,32.82524,2700,900
24.06.2024 06:07:32.828,32.857,32.82524,2700,900
24.06.2024 06:07:33.279,32.85542,32.81772,2700,900
24.06.2024 06:07:33.330,32.85542,32.81635,2700,900
24.06.2024 06:07:33.499,32.85542,32.81085,2700,900
24.06.2024 06:07:33.550,32.85859000000001,32.81085,2700,900
24.06.2024 06:07:33.901,32.85954,32.81228,2700,900
24.06.2024 06:07:34.153,32.85456,32.81173,2700,900
24.06.2024 06:07:34.405,32.85556,32.81173,2700,900
24.06.2024 06:07:35.459,32.85445,32.81173,2700,900
24.06.2024 06:07:36.462,32.8542,32.81173,2700,900
24.06.2024 06:07:36.714,32.8543,32.81173,2700,900
24.06.2024 06:07:36.966,32.855270000000004,32.81173,2700,900
24.06.2024 06:07:38.321,32.85407,32.81173,2700,900
24.06.2024 06:07:38.623,32.85221,32.81173,2700,900
24.06.2024 06:07:38.724,32.85221,32.81433,2700,900
24.06.2024 06:07:38.825,32.85474000000001,32.81433,2700,900
24.06.2024 06:07:39.429,32.86093,32.81433,2700,900
24.06.2024 06:07:39.480,32.86093,32.81154,2700,900
24.06.2024 06:07:39.681,32.85889,32.81154,2700,900
24.06.2024 06:07:39.933,32.852380000000004,32.81154,2700,900
24.06.2024 06:07:40.435,32.854040000000005,32.81154,2700,900
24.06.2024 06:07:40.688,32.853170000000006,32.81154,2700,900
24.06.2024 06:07:40.939,32.85322,32.81154,2700,900
24.06.2024 06:07:42.296,32.85922,32.81154,2700,900
24.06.2024 06:07:43.651,32.8545,32.81154,2700,900
24.06.2024 06:07:45.157,32.85434,32.81154,2700,900
24.06.2024 06:07:45.609,32.85434,32.812720000000006,2700,900
24.06.2024 06:07:46.111,32.85434,32.81346,2700,900
24.06.2024 06:07:46.363,32.85433,32.81346,2700,900
24.06.2024 06:07:50.277,32.85419,32.81346,2700,900
24.06.2024 06:07:50.780,32.85369000000001,32.81346,2700,900
24.06.2024 06:07:52.085,32.85432,32.81346,2700,900
24.06.2024 06:07:53.291,32.85431,32.81346,2700,900
24.06.2024 06:07:57.056,32.85431,32.81273,2700,900
24.06.2024 06:07:57.309,32.859140000000004,32.81273,450,900
24.06.2024 06:07:57.460,32.86019,32.81273,900,900
24.06.2024 06:07:57.560,32.85516,32.81273,2700,900
24.06.2024 06:07:57.812,32.85571,32.81273,2700,900
24.06.2024 06:07:58.064,32.8602,32.81273,900,900
24.06.2024 06:07:58.265,32.86021,32.81273,900,900
24.06.2024 06:07:58.567,32.854420000000005,32.81273,2700,900
24.06.2024 06:08:00.623,32.8603,32.81273,900,900
24.06.2024 06:08:00.724,32.8603,32.81192,900,900
24.06.2024 06:08:00.876,32.859970000000004,32.81192,2700,900
24.06.2024 06:08:00.977,32.85703,32.81192,900,900
24.06.2024 06:08:01.128,32.853640000000006,32.813340000000004,2700,900
24.06.2024 06:08:01.229,32.853640000000006,32.811870000000006,2700,900
24.06.2024 06:08:01.331,32.853640000000006,32.820220000000006,2700,900
24.06.2024 06:08:01.381,32.86292,32.820220000000006,900,900
24.06.2024 06:08:01.533,32.86293,32.820220000000006,900,900
24.06.2024 06:08:01.734,32.86293,32.82023,900,900
24.06.2024 06:08:01.785,32.859640000000006,32.82023,2700,900
24.06.2024 06:08:02.037,32.8542,32.82023,2700,900
24.06.2024 06:08:02.138,32.8542,32.820240000000005,2700,900
24.06.2024 06:08:02.339,32.8542,32.82025,2700,900
24.06.2024 06:08:02.741,32.8542,32.82026,2700,900
24.06.2024 06:08:03.142,32.8542,32.82027,2700,900
24.06.2024 06:08:03.545,32.855070000000005,32.811870000000006,2700,900
24.06.2024 06:08:03.595,32.855070000000005,32.81366,2700,900
24.06.2024 06:08:03.797,32.85351,32.81366,2700,900
24.06.2024 06:08:04.652,32.858670000000004,32.81366,2700,900
24.06.2024 06:08:04.903,32.85634,32.81366,2700,900
24.06.2024 06:08:05.155,32.85636,32.81366,2700,900
24.06.2024 06:08:05.407,32.85376,32.81366,2700,900
24.06.2024 06:08:07.765,32.85496,32.81366,2700,900
24.06.2024 06:08:08.017,32.85378,32.81366,2700,900
24.06.2024 06:08:08.268,32.853790000000004,32.81366,2700,900
24.06.2024 06:08:11.429,32.85497,32.81366,2700,900
24.06.2024 06:08:11.681,32.853809999999996,32.81366,2700,900
24.06.2024 06:08:15.077,32.85733,32.81366,900,900
24.06.2024 06:08:15.128,32.86328,32.82058,900,900
24.06.2024 06:08:15.330,32.854490000000006,32.82058,2700,900
24.06.2024 06:08:15.535,32.854490000000006,32.81366,2700,900
24.06.2024 06:08:15.586,32.853840000000005,32.81366,2700,900
24.06.2024 06:08:15.637,32.853840000000005,32.813570000000006,2700,900
24.06.2024 06:08:15.839,32.85417,32.813570000000006,2700,900
24.06.2024 06:08:16.041,32.85417,32.82038,2700,900
24.06.2024 06:08:16.242,32.85417,32.82039,2700,900
24.06.2024 06:08:16.644,32.85417,32.8204,2700,900
24.06.2024 06:08:17.046,32.85417,32.82041,2700,900
24.06.2024 06:08:17.649,32.85417,32.820420000000006,2700,900
24.06.2024 06:08:18.050,32.85417,32.81962,2700,900
24.06.2024 06:08:18.452,32.85417,32.819630000000004,2700,900
24.06.2024 06:08:18.854,32.85417,32.81964000000001,2700,900
24.06.2024 06:08:19.256,32.85417,32.81965,2700,900
24.06.2024 06:08:19.658,32.85417,32.81966,2700,900
24.06.2024 06:08:20.060,32.85417,32.81967,2700,900
24.06.2024 06:08:20.462,32.85417,32.81968,2700,900
24.06.2024 06:08:20.764,32.85433,32.81968,2700,900
24.06.2024 06:08:20.865,32.85433,32.81969,2700,900
24.06.2024 06:08:20.966,32.85433,32.81246,2700,900
24.06.2024 06:08:21.017,32.859609999999996,32.81395,900,900
24.06.2024 06:08:21.168,32.8596,32.81395,900,900
24.06.2024 06:08:21.269,32.85443,32.81395,2700,900
24.06.2024 06:08:25.735,32.85443,32.81467,2700,900
24.06.2024 06:08:25.786,32.85513,32.81467,2700,900
24.06.2024 06:08:25.987,32.85926,32.81467,2700,900
24.06.2024 06:08:26.089,32.85926,32.81013,2700,900
24.06.2024 06:08:26.240,32.85876,32.81013,2700,900
24.06.2024 06:08:26.892,32.8587,32.81055,2700,900
24.06.2024 06:08:27.094,32.8587,32.81151,2700,900
24.06.2024 06:08:27.396,32.85315,32.81151,2700,900
24.06.2024 06:08:28.350,32.85522,32.81151,2700,900
24.06.2024 06:08:29.854,32.85497,32.81151,2700,900
24.06.2024 06:08:31.059,32.85486,32.81151,2700,900
24.06.2024 06:08:32.314,32.854870000000005,32.81151,2700,900
24.06.2024 06:08:33.469,32.854890000000005,32.81151,2700,900
24.06.2024 06:08:34.973,32.85488,32.81151,2700,900
24.06.2024 06:08:35.978,32.8549,32.81151,2700,900
24.06.2024 06:08:36.230,32.8556,32.821470000000005,2700,900
24.06.2024 06:08:36.634,32.8556,32.82148,2700,900
24.06.2024 06:08:36.835,32.856440000000006,32.81151,2700,900
24.06.2024 06:08:36.886,32.856440000000006,32.81159,2700,900
24.06.2024 06:08:37.038,32.856440000000006,32.81364000000001,2700,900
24.06.2024 06:08:37.239,32.85512,32.81364000000001,2700,900
24.06.2024 06:08:37.591,32.85506,32.81364000000001,2700,900
24.06.2024 06:08:39.748,32.854670000000006,32.81198,2700,900
24.06.2024 06:08:40.000,32.855380000000004,32.81198,2700,900
24.06.2024 06:08:41.153,32.854459999999996,32.812780000000004,2700,900
24.06.2024 06:08:41.404,32.85484,32.812780000000004,2700,900
24.06.2024 06:08:42.157,32.854470000000006,32.812780000000004,2700,900
24.06.2024 06:08:42.609,32.854470000000006,32.812270000000005,2700,900
24.06.2024 06:08:42.660,32.85459,32.812270000000005,2700,900
24.06.2024 06:08:44.165,32.85423,32.812270000000005,2700,900
24.06.2024 06:08:45.168,32.85427,32.812270000000005,2700,900
24.06.2024 06:08:45.921,32.85433,32.81295,2700,900
24.06.2024 06:08:46.975,32.85466,32.81295,2700,900
24.06.2024 06:08:47.126,32.85466,32.81405,2700,900
24.06.2024 06:08:47.226,32.85878,32.81405,900,900
24.06.2024 06:08:47.378,32.858790000000006,32.81405,900,900
24.06.2024 06:08:47.980,32.8588,32.81405,900,900
24.06.2024 06:08:48.582,32.85881,32.81405,900,900
24.06.2024 06:08:48.633,32.85881,32.81245,900,900
24.06.2024 06:08:48.985,32.85882,32.81245,900,900
24.06.2024 06:08:49.587,32.85883,32.81245,900,900
24.06.2024 06:08:49.839,32.85795,32.81245,2700,900
24.06.2024 06:08:51.143,32.85803,32.81245,2700,900
24.06.2024 06:08:51.945,32.85803,32.81159,2700,900
24.06.2024 06:08:52.046,32.85779,32.81159,2700,900
24.06.2024 06:08:53.250,32.85745,32.81159,2700,900
24.06.2024 06:08:53.652,32.85755,32.81159,2700,900
24.06.2024 06:08:53.903,32.85743,32.81159,2700,900
24.06.2024 06:08:54.054,32.85743,32.82162,2700,900
24.06.2024 06:08:54.177,32.856300000000005,32.82162,2700,900
24.06.2024 06:08:54.328,32.856300000000005,32.82163,2700,900
24.06.2024 06:08:54.930,32.856300000000005,32.82164,2700,900
24.06.2024 06:08:55.031,32.855070000000005,32.82164,2700,900
24.06.2024 06:08:55.082,32.855070000000005,32.81201,2700,900
24.06.2024 06:08:55.133,32.855070000000005,32.816900000000004,2700,900
24.06.2024 06:08:55.284,32.855380000000004,32.816900000000004,2700,900
24.06.2024 06:08:55.535,32.85426,32.8138,2700,900
24.06.2024 06:08:55.837,32.85743,32.8138,2700,900
24.06.2024 06:08:56.038,32.85457,32.8138,2700,900
24.06.2024 06:08:56.540,32.85474000000001,32.8138,2700,900
24.06.2024 06:09:00.102,32.85474000000001,32.8138,2700,900
24.06.2024 06:09:01.204,32.86088,32.8138,900,900
24.06.2024 06:09:01.456,32.85765,32.8138,2700,900
24.06.2024 06:09:01.657,32.85478,32.8138,2700,900
24.06.2024 06:09:02.158,32.860890000000005,32.8138,900,900
24.06.2024 06:09:02.260,32.8609,32.8138,900,900
24.06.2024 06:09:02.413,32.85766,32.8138,2700,900
24.06.2024 06:09:02.664,32.85479,32.8138,2700,900
24.06.2024 06:09:03.115,32.86091,32.8138,900,900
24.06.2024 06:09:03.367,32.854800000000004,32.8138,2700,900
24.06.2024 06:09:04.920,32.86094000000001,32.8138,900,900
24.06.2024 06:09:05.171,32.85768,32.8138,2700,900
24.06.2024 06:09:05.422,32.85481,32.8138,2700,900
24.06.2024 06:09:08.428,32.8551,32.8138,2700,900
24.06.2024 06:09:08.529,32.8551,32.82186,2700,900
24.06.2024 06:09:08.680,32.85668,32.816120000000005,2700,900
24.06.2024 06:09:08.882,32.855340000000005,32.813340000000004,900,900
24.06.2024 06:09:08.933,32.8551,32.813340000000004,2700,900
24.06.2024 06:09:09.034,32.8551,32.81114,2700,900
24.06.2024 06:09:09.185,32.85535,32.81114,900,900
24.06.2024 06:09:09.286,32.85536,32.81114,900,900
24.06.2024 06:09:09.487,32.85537,32.81114,900,900
24.06.2024 06:09:09.688,32.855380000000004,32.81114,900,900
24.06.2024 06:09:09.739,32.85473,32.81114,2700,900
24.06.2024 06:09:09.940,32.85473,32.8138,2700,900
24.06.2024 06:09:10.041,32.854350000000004,32.8138,2700,900
24.06.2024 06:09:10.142,32.854350000000004,32.811150000000005,2700,900
24.06.2024 06:09:10.293,32.85473,32.811150000000005,2700,900
24.06.2024 06:09:11.247,32.85417,32.811150000000005,2700,900
24.06.2024 06:09:11.549,32.85417,32.81127,2700,900
24.06.2024 06:09:11.600,32.855470000000004,32.81127,900,900
24.06.2024 06:09:11.851,32.8512,32.81127,2700,900
24.06.2024 06:09:12.103,32.85278,32.81127,2700,900
24.06.2024 06:09:15.117,32.85665,32.81127,450,900
24.06.2024 06:09:15.368,32.8513,32.81127,2700,900
24.06.2024 06:09:15.620,32.85262,32.81127,2700,900
24.06.2024 06:09:18.180,32.85428,32.81127,2700,900
24.06.2024 06:09:19.034,32.854290000000006,32.81127,2700,900
24.06.2024 06:09:19.135,32.854290000000006,32.81439,2700,900
24.06.2024 06:09:19.287,32.85417,32.81439,2700,900
24.06.2024 06:09:19.538,32.8527,32.81439,2700,900
24.06.2024 06:09:22.048,32.85396,32.81439,2700,900
24.06.2024 06:09:22.099,32.85396,32.81346,2700,900
24.06.2024 06:09:22.451,32.8544,32.81346,2700,900
24.06.2024 06:09:22.703,32.852720000000005,32.81346,2700,900
24.06.2024 06:09:22.954,32.85271,32.81346,2700,900
24.06.2024 06:09:24.209,32.85438,32.81346,2700,900
24.06.2024 06:09:24.260,32.85438,32.81324,2700,900
24.06.2024 06:09:24.461,32.85262,32.81324,2700,900
24.06.2024 06:09:25.766,32.85374,32.81327,2700,900
24.06.2024 06:09:26.018,32.85669,32.81327,450,900
24.06.2024 06:09:26.119,32.85669,32.81296,450,2700
24.06.2024 06:09:26.170,32.85953,32.81321,2700,900
24.06.2024 06:09:26.271,32.860350000000004,32.81321,2700,900
24.06.2024 06:09:27.023,32.86056,32.8133,2700,2700
24.06.2024 06:09:27.274,32.854620000000004,32.81321,2700,900
24.06.2024 06:09:28.099,32.85398,32.81321,2700,900
24.06.2024 06:09:28.302,32.853950000000005,32.81321,2700,900
24.06.2024 06:09:28.753,32.854800000000004,32.816840000000006,2700,900
24.06.2024 06:09:29.008,32.85418,32.816840000000006,2700,900
24.06.2024 06:09:29.459,32.85376,32.816840000000006,2700,900
24.06.2024 06:09:30.061,32.85419,32.816500000000005,2700,900
24.06.2024 06:09:30.163,32.85419,32.82292,2700,900
24.06.2024 06:09:30.314,32.85654,32.82292,2700,900
24.06.2024 06:09:30.566,32.854150000000004,32.82293,2700,900
24.06.2024 06:09:30.818,32.86188,32.82293,2700,900
24.06.2024 06:09:31.320,32.86188,32.822720000000004,2700,900
24.06.2024 06:09:31.421,32.85535,32.822720000000004,2700,900
24.06.2024 06:09:31.672,32.85503,32.822720000000004,2700,900
24.06.2024 06:09:32.124,32.85555,32.822720000000004,2700,900
24.06.2024 06:09:32.726,32.85555,32.82273,2700,900
24.06.2024 06:09:32.877,32.855450000000005,32.82273,2700,900
24.06.2024 06:09:33.329,32.855470000000004,32.82273,2700,900
24.06.2024 06:09:33.580,32.85803,32.82273,2700,900
24.06.2024 06:09:33.933,32.85803,32.82274,2700,900
24.06.2024 06:09:34.084,32.855450000000005,32.82274,2700,900
24.06.2024 06:09:34.335,32.85546,32.82274,2700,900
24.06.2024 06:09:35.137,32.85546,32.82275,2700,900
24.06.2024 06:09:35.539,32.855470000000004,32.82275,2700,900
24.06.2024 06:09:36.542,32.855470000000004,32.82276,2700,900
24.06.2024 06:09:37.745,32.85663,32.81242,2700,900
24.06.2024 06:09:37.796,32.85663,32.81176,2700,900
24.06.2024 06:09:37.997,32.85484,32.81176,2700,900
24.06.2024 06:09:38.098,32.85484,32.812270000000005,2700,900
24.06.2024 06:09:38.852,32.85423,32.812270000000005,2700,900
24.06.2024 06:09:46.081,32.85423,32.81021,2700,900
24.06.2024 06:09:46.132,32.85625,32.81382,2700,900
24.06.2024 06:09:46.836,32.8583,32.81382,900,900
24.06.2024 06:09:47.038,32.858309999999996,32.81407,900,900
24.06.2024 06:09:47.190,32.85802,32.814490000000006,2700,900
24.06.2024 06:09:47.341,32.85502,32.814490000000006,2700,900
24.06.2024 06:09:47.392,32.85502,32.810340000000004,2700,900
24.06.2024 06:09:47.594,32.85411,32.810340000000004,2700,900
24.06.2024 06:09:47.845,32.85582,32.810340000000004,2700,900
24.06.2024 06:09:48.097,32.8549,32.810340000000004,2700,900
24.06.2024 06:09:49.654,32.85453,32.810340000000004,2700,900
24.06.2024 06:09:51.461,32.85451,32.810340000000004,2700,900
24.06.2024 06:09:53.969,32.854490000000006,32.810340000000004,2700,900
24.06.2024 06:09:54.221,32.85624000000001,32.81111,900,2700
24.06.2024 06:09:54.322,32.85625,32.81111,900,2700
24.06.2024 06:09:54.473,32.852790000000006,32.810340000000004,2700,900
24.06.2024 06:09:56.380,32.85633,32.810340000000004,900,900
24.06.2024 06:09:56.732,32.85634,32.810340000000004,900,900
24.06.2024 06:09:56.883,32.85284,32.810340000000004,2700,900
24.06.2024 06:10:00.144,32.85416,32.810340000000004,2700,900
24.06.2024 06:10:00.647,32.85416,32.811220000000006,2700,900
24.06.2024 06:10:01.500,32.8541,32.811220000000006,2700,900
24.06.2024 06:10:02.053,32.86187,32.81842,900,900
24.06.2024 06:10:02.254,32.86188,32.81843,900,900
24.06.2024 06:10:02.305,32.85291,32.81843,2700,900
24.06.2024 06:10:02.556,32.852940000000004,32.81843,2700,900
24.06.2024 06:10:02.657,32.852940000000004,32.81844,2700,900
24.06.2024 06:10:02.858,32.852940000000004,32.81845,2700,900
24.06.2024 06:10:03.060,32.852940000000004,32.81846,2700,900
24.06.2024 06:10:03.261,32.852940000000004,32.811220000000006,2700,900
24.06.2024 06:10:04.969,32.854440000000004,32.811220000000006,2700,900
24.06.2024 06:10:09.315,32.854440000000004,32.81148,2700,900
24.06.2024 06:10:09.467,32.85445,32.81148,2700,900
24.06.2024 06:10:09.619,32.85669,32.81177,900,2700
24.06.2024 06:10:09.870,32.856700000000004,32.81177,900,2700
24.06.2024 06:10:10.071,32.85671,32.81177,900,2700
24.06.2024 06:10:10.472,32.85672,32.81177,900,2700
24.06.2024 06:10:10.573,32.85672,32.811870000000006,900,2700
24.06.2024 06:10:10.675,32.85673,32.811870000000006,900,2700
24.06.2024 06:10:11.077,32.85674,32.811870000000006,900,2700
24.06.2024 06:10:11.279,32.85675,32.811870000000006,900,2700
24.06.2024 06:10:11.580,32.85675,32.811890000000005,900,2700
24.06.2024 06:10:11.681,32.85676,32.811890000000005,900,2700
24.06.2024 06:10:12.082,32.856770000000004,32.811890000000005,900,2700
24.06.2024 06:10:12.284,32.85678,32.811890000000005,900,2700
24.06.2024 06:10:12.334,32.85678,32.81148,900,900
24.06.2024 06:10:12.687,32.856790000000004,32.81148,900,900
24.06.2024 06:10:12.789,32.856790000000004,32.811440000000005,900,900
24.06.2024 06:10:12.840,32.856590000000004,32.811440000000005,900,3599.9999
24.06.2024 06:10:12.941,32.85857,32.81881,450,900
24.06.2024 06:10:13.092,32.85857,32.81175,450,2700
24.06.2024 06:10:13.143,32.85857,32.81542,450,900
24.06.2024 06:10:13.244,32.85857,32.81855,450,900
24.06.2024 06:10:13.346,32.858109999999996,32.81855,2700,900
24.06.2024 06:10:13.447,32.858109999999996,32.81856,2700,900
24.06.2024 06:10:13.598,32.857620000000004,32.81856,2700,900
24.06.2024 06:10:14.050,32.857620000000004,32.81858,2700,900
24.06.2024 06:10:14.452,32.857620000000004,32.81876,2700,900
24.06.2024 06:10:14.653,32.857620000000004,32.81877,2700,900
24.06.2024 06:10:14.754,32.85648,32.81275,2700,900
24.06.2024 06:10:15.006,32.85348,32.81275,2700,900
24.06.2024 06:10:15.759,32.85315,32.81275,2700,900
24.06.2024 06:10:16.262,32.85315,32.81199,2700,900
24.06.2024 06:10:17.266,32.85306,32.81199,2700,900
24.06.2024 06:10:18.471,32.85327,32.81199,2700,900
24.06.2024 06:10:21.181,32.85329,32.81199,2700,900
24.06.2024 06:10:23.039,32.85329,32.81413,2700,900
24.06.2024 06:10:23.392,32.853390000000005,32.81931,2700,900
24.06.2024 06:10:23.443,32.853390000000005,32.812200000000004,2700,900
24.06.2024 06:10:23.494,32.853390000000005,32.815400000000004,2700,900
24.06.2024 06:10:23.645,32.85566,32.815400000000004,2700,900
24.06.2024 06:10:23.746,32.85566,32.81606,2700,900
24.06.2024 06:10:24.951,32.85566,32.81167,2700,900
24.06.2024 06:10:25.003,32.853390000000005,32.81167,2700,900
24.06.2024 06:10:25.254,32.852959999999996,32.81167,2700,900
24.06.2024 06:10:26.109,32.852959999999996,32.81232,2700,900
24.06.2024 06:10:26.461,32.85249,32.81232,2700,900
24.06.2024 06:10:27.114,32.85343,32.81232,2700,900
24.06.2024 06:10:27.466,32.85392,32.81232,2700,900
24.06.2024 06:10:28.669,32.853320000000004,32.81232,2700,900
24.06.2024 06:10:30.174,32.85335,32.81232,2700,900
24.06.2024 06:10:30.927,32.86034,32.81232,900,900
24.06.2024 06:10:31.077,32.860350000000004,32.81232,900,900
24.06.2024 06:10:31.178,32.85338,32.81232,2700,900
24.06.2024 06:10:31.781,32.8536,32.81232,2700,900
24.06.2024 06:10:32.033,32.86041,32.81232,900,900
24.06.2024 06:10:32.234,32.860420000000005,32.81232,900,900
24.06.2024 06:10:32.285,32.853390000000005,32.81232,2700,900
24.06.2024 06:10:32.536,32.8534,32.81232,2700,900
24.06.2024 06:10:33.039,32.858650000000004,32.81232,450,900
24.06.2024 06:10:33.541,32.85341,32.81232,2700,900
24.06.2024 06:10:35.347,32.8536,32.81915,2700,900
24.06.2024 06:10:35.548,32.8536,32.81916,2700,900
24.06.2024 06:10:35.599,32.853640000000006,32.81916,2700,900
24.06.2024 06:10:35.851,32.85368,32.81916,2700,900
24.06.2024 06:10:35.952,32.85368,32.81917,2700,900
24.06.2024 06:10:36.103,32.862570000000005,32.81917,2700,900
24.06.2024 06:10:36.355,32.8537,32.81918,2700,900
24.06.2024 06:10:36.556,32.8537,32.81232,2700,900
24.06.2024 06:10:36.607,32.858940000000004,32.81593,450,900
24.06.2024 06:10:36.858,32.854870000000005,32.81593,2700,900
24.06.2024 06:10:37.160,32.85571,32.81942,2700,900
24.06.2024 06:10:37.511,32.85486,32.81593,2700,900
24.06.2024 06:10:37.562,32.85486,32.81582,2700,900
24.06.2024 06:10:37.763,32.8547,32.81582,2700,900
24.06.2024 06:10:38.166,32.85553,32.81582,2700,900
24.06.2024 06:10:38.417,32.8547,32.81582,2700,900
24.06.2024 06:10:38.669,32.85553,32.81582,2700,900
24.06.2024 06:10:38.921,32.8547,32.81582,2700,900
24.06.2024 06:10:39.273,32.855540000000005,32.81582,2700,900
24.06.2024 06:10:39.525,32.85471,32.81582,2700,900
24.06.2024 06:10:39.827,32.85555,32.81582,2700,900
24.06.2024 06:10:40.078,32.85472,32.81582,2700,900
24.06.2024 06:10:42.140,32.85474000000001,32.81582,2700,900
24.06.2024 06:10:42.745,32.85558,32.81582,2700,900
24.06.2024 06:10:42.846,32.85558,32.819340000000004,2700,900
24.06.2024 06:10:42.897,32.85558,32.81243,2700,900
24.06.2024 06:10:42.948,32.85558,32.81588,2700,900
24.06.2024 06:10:43.102,32.85372,32.81327,2700,900
24.06.2024 06:10:43.504,32.858959999999996,32.81327,450,900
24.06.2024 06:10:43.554,32.858959999999996,32.814550000000004,450,900
24.06.2024 06:10:43.756,32.85406,32.8128,2700,900
24.06.2024 06:10:44.459,32.85419,32.8128,2700,900
24.06.2024 06:10:45.161,32.86132,32.8128,2700,900
24.06.2024 06:10:45.413,32.85373,32.8128,2700,900
24.06.2024 06:10:45.664,32.85378,32.8128,2700,900
24.06.2024 06:10:47.871,32.8538,32.8128,2700,900
24.06.2024 06:10:49.376,32.853820000000006,32.8128,2700,900
24.06.2024 06:10:50.579,32.85383,32.8128,2700,900
24.06.2024 06:10:51.481,32.85906,32.8128,450,900
24.06.2024 06:10:51.732,32.85385,32.8128,2700,900
24.06.2024 06:10:52.134,32.85385,32.8196,2700,900
24.06.2024 06:10:52.235,32.86189,32.8196,2700,900
24.06.2024 06:10:52.487,32.85386,32.8196,2700,900
24.06.2024 06:10:52.938,32.85386,32.81962,2700,900
24.06.2024 06:10:53.541,32.85387,32.819630000000004,2700,900
24.06.2024 06:10:53.742,32.85387,32.81964000000001,2700,900
24.06.2024 06:10:54.144,32.85636,32.8128,2700,900
24.06.2024 06:10:54.245,32.85636,32.81603,2700,900
24.06.2024 06:10:54.396,32.85387,32.81603,2700,900
24.06.2024 06:10:54.798,32.853880000000004,32.813050000000004,2700,900
24.06.2024 06:10:54.899,32.85325,32.813050000000004,2700,900
24.06.2024 06:10:55.151,32.86105,32.813050000000004,450,900
24.06.2024 06:10:55.302,32.860020000000006,32.813050000000004,900,900
24.06.2024 06:10:55.403,32.85313,32.81604,2700,900
24.06.2024 06:10:55.655,32.85826,32.81604,2700,900
24.06.2024 06:10:55.907,32.855920000000005,32.81604,2700,900
24.06.2024 06:10:56.158,32.853880000000004,32.81604,2700,900
24.06.2024 06:10:56.260,32.853880000000004,32.82816,2700,900
24.06.2024 06:10:56.412,32.863170000000004,32.83358,900,2700
24.06.2024 06:10:56.513,32.86449,32.83358,900,2700
24.06.2024 06:10:56.563,32.863170000000004,32.83358,900,2700
24.06.2024 06:10:56.665,32.8647,32.83246,2700,2700
24.06.2024 06:10:56.916,32.86471,32.832440000000005,900,2700
24.06.2024 06:10:57.268,32.864520000000006,32.83251,2700,2700
24.06.2024 06:10:58.021,32.86343,32.83982,2700,2700
24.06.2024 06:10:58.274,32.869620000000005,32.84306,2700,2700
24.06.2024 06:10:59.127,32.86967,32.84342,900,2700
24.06.2024 06:10:59.380,32.86967,32.84381,900,2700
24.06.2024 06:10:59.631,32.86227,32.83677,2700,900
24.06.2024 06:11:00.033,32.86227,32.83693,2700,900
24.06.2024 06:11:00.084,32.86141,32.83571,900,2700
24.06.2024 06:11:00.436,32.86141,32.844190000000005,900,2700
24.06.2024 06:11:02.493,32.85947,32.844390000000004,900,2700
24.06.2024 06:11:03.498,32.86057,32.8442,900,2700
24.06.2024 06:11:03.749,32.86057,32.84422,900,2700
24.06.2024 06:11:05.655,32.86027,32.84406,900,2700
24.06.2024 06:11:05.857,32.86026,32.84406,900,2700
24.06.2024 06:11:08.667,32.8583,32.84343,900,2700
24.06.2024 06:11:08.769,32.85543,32.84343,900,2700
24.06.2024 06:11:08.820,32.85958,32.843450000000004,2700,2700
24.06.2024 06:11:09.072,32.86026,32.84396,900,2700
24.06.2024 06:11:11.177,32.8599,32.84396,900,2700
24.06.2024 06:11:11.228,32.8599,32.84383,900,2700
24.06.2024 06:11:11.480,32.8599,32.842530000000004,900,2700
24.06.2024 06:11:14.787,32.8599,32.84255,900,2700
24.06.2024 06:11:16.091,32.859159999999996,32.84255,900,2700
24.06.2024 06:11:18.151,32.859159999999996,32.84266,900,2700
24.06.2024 06:11:20.410,32.85522,32.841570000000004,900,2700
24.06.2024 06:11:20.512,32.85455,32.841570000000004,900,2700
24.06.2024 06:11:20.663,32.85455,32.82351,900,2700
24.06.2024 06:11:20.915,32.85455,32.823840000000004,900,2700
24.06.2024 06:11:21.117,32.84854000000001,32.823840000000004,900,2700
24.06.2024 06:11:21.168,32.84854000000001,32.82328,900,2700
24.06.2024 06:11:21.419,32.84854000000001,32.8234,900,2700
24.06.2024 06:11:21.520,32.848530000000004,32.8234,900,2700
24.06.2024 06:11:21.672,32.848530000000004,32.824870000000004,900,2700
24.06.2024 06:11:21.873,32.84852,32.824870000000004,900,2700
24.06.2024 06:11:21.924,32.84851,32.82458,900,2700
24.06.2024 06:11:22.075,32.84924,32.82458,900,2700
24.06.2024 06:11:22.327,32.84923,32.82458,900,2700
24.06.2024 06:11:22.428,32.84923,32.82445,900,2700
24.06.2024 06:11:22.529,32.84922,32.82445,900,2700
24.06.2024 06:11:22.681,32.84922,32.823100000000004,900,450
24.06.2024 06:11:22.832,32.8515,32.823100000000004,900,450
24.06.2024 06:11:23.034,32.8519,32.823100000000004,900,450
24.06.2024 06:11:23.185,32.85034,32.825050000000005,2700,2700
24.06.2024 06:11:23.437,32.8519,32.8232,900,2700
24.06.2024 06:11:24.039,32.8519,32.823100000000004,900,450
24.06.2024 06:11:24.542,32.8519,32.8232,900,2700
24.06.2024 06:11:24.793,32.8519,32.823100000000004,900,450
24.06.2024 06:11:25.647,32.8519,32.82636,900,2700
24.06.2024 06:11:30.210,32.85193,32.82705,900,2700
24.06.2024 06:11:30.412,32.85195,32.82705,900,2700
24.06.2024 06:11:30.463,32.85195,32.82883,900,2700
24.06.2024 06:11:30.714,32.8521,32.83246,900,2700
24.06.2024 06:11:30.916,32.85215,32.83246,900,2700
24.06.2024 06:11:30.967,32.85223,32.83618,900,2700
24.06.2024 06:11:31.168,32.852250000000005,32.83618,900,2700
24.06.2024 06:11:31.219,32.852250000000005,32.83951,900,2700
24.06.2024 06:11:31.370,32.852070000000005,32.83951,900,2700
24.06.2024 06:11:31.572,32.85208,32.83951,900,2700
24.06.2024 06:11:32.124,32.85198,32.83938,900,2700
24.06.2024 06:11:32.175,32.85176,32.83938,900,2700
24.06.2024 06:11:32.276,32.85045,32.83938,900,2700
24.06.2024 06:11:32.377,32.85045,32.83166,900,2700
24.06.2024 06:11:32.428,32.851440000000004,32.83166,900,2700
24.06.2024 06:11:32.629,32.85042,32.830220000000004,900,900
24.06.2024 06:11:32.881,32.84963,32.829190000000004,900,2700
24.06.2024 06:11:32.932,32.84937,32.829190000000004,900,2700
24.06.2024 06:11:33.033,32.849340000000005,32.829190000000004,900,2700
24.06.2024 06:11:33.134,32.849340000000005,32.82396,900,900
24.06.2024 06:11:33.235,32.84933,32.82396,900,900
24.06.2024 06:11:33.437,32.84933,32.814440000000005,900,2700
24.06.2024 06:11:33.738,32.84505,32.812670000000004,2700,450
24.06.2024 06:11:34.040,32.84505,32.81002,2700,2700
24.06.2024 06:11:34.241,32.84584,32.81068,2700,2700
24.06.2024 06:11:34.493,32.84706,32.8119,2700,2700
24.06.2024 06:11:35.244,32.8457,32.81188,2700,2700
24.06.2024 06:11:36.447,32.84571,32.8119,2700,2700
24.06.2024 06:11:37.949,32.845690000000005,32.811890000000005,2700,2700
24.06.2024 06:11:38.652,32.8457,32.81105,2700,2700
24.06.2024 06:11:39.757,32.84487,32.81106,2700,2700
24.06.2024 06:11:40.960,32.84487,32.81105,2700,2700
24.06.2024 06:11:41.211,32.84487,32.80867,2700,900
24.06.2024 06:11:42.114,32.84487,32.80899,2700,900
24.06.2024 06:11:43.669,32.84208,32.80899,2700,900
24.06.2024 06:11:43.770,32.84208,32.80825,2700,2700
24.06.2024 06:11:43.921,32.8491,32.813250000000004,2700,2700
24.06.2024 06:11:44.173,32.84832,32.812470000000005,2700,2700
24.06.2024 06:11:44.274,32.847190000000005,32.81481,450,450
24.06.2024 06:11:45.782,32.85047,32.80975,2700,2700
24.06.2024 06:11:46.688,32.84898,32.806990000000006,2700,900
24.06.2024 06:11:46.939,32.855650000000004,32.807590000000005,900,900
24.06.2024 06:11:47.040,32.855650000000004,32.80707,900,900
24.06.2024 06:11:47.142,32.8559,32.80707,900,900
24.06.2024 06:11:47.795,32.85241,32.80908,2700,2700
24.06.2024 06:11:49.954,32.85112,32.81092,2700,2700
24.06.2024 06:11:51.159,32.851090000000006,32.81095,2700,2700
24.06.2024 06:11:52.313,32.85106,32.80924,2700,2700
24.06.2024 06:11:53.869,32.85111,32.81087,2700,2700
24.06.2024 06:11:56.242,32.85114,32.810770000000005,2700,2700
24.06.2024 06:11:57.447,32.851240000000004,32.81069,2700,2700
24.06.2024 06:11:58.652,32.85131,32.81088,2700,2700
24.06.2024 06:11:59.857,32.85112,32.810970000000005,2700,2700
24.06.2024 06:12:01.061,32.85103,32.810970000000005,2700,2700
24.06.2024 06:12:02.165,32.85103,32.81113,2700,2700
24.06.2024 06:12:03.320,32.850880000000004,32.80772,2700,900
24.06.2024 06:12:03.371,32.850880000000004,32.80746,2700,2700
24.06.2024 06:12:03.422,32.850880000000004,32.80748,2700,900
24.06.2024 06:12:03.472,32.850880000000004,32.80746,2700,2700
24.06.2024 06:12:03.573,32.856190000000005,32.806990000000006,900,900
24.06.2024 06:12:04.075,32.85618,32.806990000000006,900,900
24.06.2024 06:12:04.277,32.858109999999996,32.80939,2700,900
24.06.2024 06:12:04.478,32.85537,32.809340000000006,2700,900
24.06.2024 06:12:04.730,32.85027,32.810500000000005,2700,2700
24.06.2024 06:12:04.932,32.850880000000004,32.80933,2700,900
24.06.2024 06:12:05.183,32.85089000000001,32.81029,2700,2700
24.06.2024 06:12:06.136,32.85206,32.81029,2700,2700
24.06.2024 06:12:06.538,32.85205,32.81061,2700,2700
24.06.2024 06:12:07.643,32.85173,32.810340000000004,2700,2700
24.06.2024 06:12:08.948,32.851800000000004,32.81054,2700,2700
24.06.2024 06:12:09.200,32.851800000000004,32.8102,2700,2700
24.06.2024 06:12:10.104,32.85213,32.810500000000005,2700,2700
24.06.2024 06:12:10.356,32.85184,32.81013,2700,2700
24.06.2024 06:12:10.658,32.85291,32.80926,2700,900
24.06.2024 06:12:10.910,32.85191,32.8101,2700,2700
24.06.2024 06:12:11.162,32.85081,32.8131,2700,2700
24.06.2024 06:12:11.364,32.85134,32.81363,2700,2700
24.06.2024 06:12:12.269,32.85033,32.81363,900,2700
24.06.2024 06:12:12.319,32.84922,32.8093,2700,900
24.06.2024 06:12:12.370,32.84922,32.80786,2700,900
24.06.2024 06:12:12.471,32.84904,32.80786,900,900
24.06.2024 06:12:12.572,32.84877,32.80785,2700,900
24.06.2024 06:12:13.676,32.84681,32.808240000000005,2700,2700
24.06.2024 06:12:14.179,32.84701,32.80809000000001,2700,2700
24.06.2024 06:12:15.333,32.84669,32.80785,2700,900
24.06.2024 06:12:15.535,32.84669,32.80848,2700,900
24.06.2024 06:12:15.586,32.8468,32.80848,2700,900
24.06.2024 06:12:15.838,32.846450000000004,32.80848,2700,900
24.06.2024 06:12:16.340,32.84648,32.80848,2700,900
24.06.2024 06:12:17.845,32.84621,32.80848,2700,900
24.06.2024 06:12:19.701,32.845620000000004,32.80848,2700,900
24.06.2024 06:12:19.751,32.845620000000004,32.808240000000005,2700,900
24.06.2024 06:12:19.952,32.84641,32.808240000000005,900,900
24.06.2024 06:12:20.053,32.84623,32.808240000000005,900,900
24.06.2024 06:12:20.254,32.84622,32.808240000000005,900,900
24.06.2024 06:12:20.907,32.84621,32.808240000000005,900,900
24.06.2024 06:12:21.509,32.8462,32.808240000000005,900,900
24.06.2024 06:12:22.212,32.8462,32.8086,900,900
24.06.2024 06:12:22.314,32.84619000000001,32.8086,3599.9999,900
24.06.2024 06:12:22.365,32.84619000000001,32.80825,3599.9999,900
24.06.2024 06:12:22.917,32.846180000000004,32.80825,900,900
24.06.2024 06:12:23.720,32.84617,32.80825,900,900
24.06.2024 06:12:24.321,32.84616,32.80825,900,900
24.06.2024 06:12:24.923,32.84616,32.80814,900,2700
24.06.2024 06:12:25.124,32.84615,32.80814,900,2700
24.06.2024 06:12:25.175,32.84615,32.80787,900,900
24.06.2024 06:12:25.827,32.84615,32.80832,900,900
24.06.2024 06:12:25.928,32.846140000000005,32.80832,900,900
24.06.2024 06:12:26.080,32.84551,32.80832,900,900
24.06.2024 06:12:26.433,32.847120000000004,32.80832,2700,900
24.06.2024 06:12:26.534,32.844300000000004,32.80832,2700,900
24.06.2024 06:12:26.735,32.845490000000005,32.80832,2700,900
24.06.2024 06:12:26.786,32.845490000000005,32.80863,2700,900
24.06.2024 06:12:27.740,32.846320000000006,32.80863,2700,900
24.06.2024 06:12:29.246,32.8462,32.80863,2700,900
24.06.2024 06:12:30.450,32.84624,32.80863,2700,900
24.06.2024 06:12:31.935,32.84635,32.80863,2700,900
24.06.2024 06:12:33.541,32.8462,32.80863,2700,900
24.06.2024 06:12:33.592,32.8462,32.80828,2700,900
24.06.2024 06:12:33.793,32.8463,32.80828,2700,900
24.06.2024 06:12:34.646,32.84662,32.80828,2700,900
24.06.2024 06:12:35.148,32.84498,32.80846,2700,900
24.06.2024 06:12:35.400,32.8449,32.80846,2700,900
24.06.2024 06:12:35.451,32.8449,32.80829000000001,2700,900
24.06.2024 06:12:35.652,32.8448,32.80829000000001,2700,900
24.06.2024 06:12:36.255,32.8448,32.80846,2700,900
24.06.2024 06:12:36.756,32.84633,32.80846,2700,900
24.06.2024 06:12:38.768,32.84633,32.80831,2700,900
24.06.2024 06:12:38.819,32.844820000000006,32.80831,2700,900
24.06.2024 06:12:40.272,32.84616,32.80831,2700,900
24.06.2024 06:12:40.523,32.84661,32.80831,2700,900
24.06.2024 06:12:40.774,32.8462,32.80831,2700,900
24.06.2024 06:12:40.876,32.8462,32.80829000000001,2700,900
24.06.2024 06:12:41.027,32.84621,32.80829000000001,2700,900
24.06.2024 06:12:41.279,32.8468,32.80829000000001,2700,900
24.06.2024 06:12:41.480,32.8468,32.8083,2700,900
24.06.2024 06:12:41.531,32.8468,32.80847,2700,900
24.06.2024 06:12:42.635,32.84639000000001,32.80847,2700,900
24.06.2024 06:12:43.237,32.84639000000001,32.80865,2700,900
24.06.2024 06:12:43.840,32.84629,32.80865,2700,900
24.06.2024 06:12:44.543,32.84662,32.80865,2700,900
24.06.2024 06:12:45.748,32.846470000000004,32.80865,2700,900
24.06.2024 06:12:48.456,32.84644,32.80865,2700,900
24.06.2024 06:12:49.109,32.84644,32.80823,2700,900
24.06.2024 06:12:49.160,32.84751,32.808659999999996,900,2700
24.06.2024 06:12:49.411,32.84751,32.80823,900,900
24.06.2024 06:12:49.663,32.8497,32.80823,2700,900
24.06.2024 06:12:49.914,32.8482,32.80823,2700,900
24.06.2024 06:12:50.116,32.8482,32.80841,2700,900
24.06.2024 06:12:50.167,32.85027,32.80841,2700,900
24.06.2024 06:12:52.676,32.846990000000005,32.80841,2700,900
24.06.2024 06:12:52.727,32.846990000000005,32.80733,2700,900
24.06.2024 06:12:52.778,32.846990000000005,32.80703,2700,2700
24.06.2024 06:12:52.829,32.846990000000005,32.80706,2700,900
24.06.2024 06:12:52.930,32.84742,32.8112,900,2700
24.06.2024 06:12:53.231,32.84864,32.8112,2700,2700
24.06.2024 06:12:53.282,32.85076,32.81157,450,450
24.06.2024 06:12:53.736,32.84899,32.81157,900,450
24.06.2024 06:12:53.787,32.84899,32.809309999999996,900,2700
24.06.2024 06:12:54.741,32.84898,32.80877,900,2700
24.06.2024 06:12:55.195,32.84898,32.80792,900,900
24.06.2024 06:12:55.245,32.84898,32.80794,900,900
24.06.2024 06:12:55.346,32.84901,32.80794,900,900
24.06.2024 06:12:55.448,32.84901,32.809200000000004,900,2700
24.06.2024 06:12:55.850,32.849000000000004,32.809200000000004,900,2700
24.06.2024 06:12:56.252,32.849000000000004,32.808640000000004,900,2700
24.06.2024 06:12:56.854,32.84899,32.808640000000004,900,2700
24.06.2024 06:12:57.457,32.84899,32.80861,900,2700
24.06.2024 06:12:57.860,32.84898,32.80861,900,2700
24.06.2024 06:12:58.662,32.84898,32.80859,900,2700
24.06.2024 06:12:58.863,32.84897,32.80859,900,2700
24.06.2024 06:12:59.867,32.84896,32.80858,900,2700
24.06.2024 06:13:00.669,32.84895,32.80858,900,2700
24.06.2024 06:13:01.370,32.84895,32.80857,900,2700
24.06.2024 06:13:01.621,32.848940000000006,32.80857,900,2700
24.06.2024 06:13:02.624,32.84893,32.80857,900,2700
24.06.2024 06:13:02.875,32.84893,32.808550000000004,900,2700
24.06.2024 06:13:03.476,32.84893,32.80881,900,2700
24.06.2024 06:13:03.627,32.84892,32.80881,900,2700
24.06.2024 06:13:04.630,32.84891,32.80881,900,2700
24.06.2024 06:13:05.632,32.8489,32.8089,900,2700
24.06.2024 06:13:06.033,32.8489,32.80812,900,2700
24.06.2024 06:13:06.284,32.8489,32.80897,900,2700
24.06.2024 06:13:06.536,32.8489,32.811,900,450
24.06.2024 06:13:06.838,32.848890000000004,32.811,900,450
24.06.2024 06:13:07.039,32.848890000000004,32.808440000000004,900,2700
24.06.2024 06:13:07.341,32.85156,32.81771,900,2700
24.06.2024 06:13:07.592,32.85156,32.81623,900,2700
24.06.2024 06:13:08.095,32.85206,32.81623,2700,2700
24.06.2024 06:13:08.747,32.852070000000005,32.81623,2700,2700
24.06.2024 06:13:08.848,32.852250000000005,32.81641,2700,2700
24.06.2024 06:13:09.150,32.85226,32.81641,2700,2700
24.06.2024 06:13:10.053,32.85223,32.81641,900,2700
24.06.2024 06:13:10.154,32.85223,32.8164,900,2700
24.06.2024 06:13:11.358,32.85223,32.816390000000006,900,2700
24.06.2024 06:13:11.609,32.85218,32.81631,2700,2700
24.06.2024 06:13:12.162,32.85165,32.815780000000004,2700,2700
24.06.2024 06:13:12.414,32.85034,32.81446,2700,2700
24.06.2024 06:13:13.369,32.85035,32.81446,2700,2700
24.06.2024 06:13:13.620,32.85195,32.81606,2700,2700
24.06.2024 06:13:14.573,32.85195,32.816050000000004,2700,2700
24.06.2024 06:13:14.875,32.851150000000004,32.81525,2700,2700
24.06.2024 06:13:15.729,32.851150000000004,32.81524,2700,2700
24.06.2024 06:13:16.582,32.85025,32.81434,2700,2700
24.06.2024 06:13:16.867,32.85086,32.81531,2700,2700
24.06.2024 06:13:17.120,32.851600000000005,32.81611,900,2700
24.06.2024 06:13:17.922,32.851600000000005,32.8161,900,2700
24.06.2024 06:13:18.174,32.851600000000005,32.81663,900,2700
24.06.2024 06:13:19.076,32.85177,32.81663,900,2700
24.06.2024 06:13:19.277,32.85159,32.81635,900,2700
24.06.2024 06:13:19.679,32.85159,32.816340000000004,900,2700
24.06.2024 06:13:21.332,32.85159,32.81581,900,2700
24.06.2024 06:13:21.533,32.851600000000005,32.81581,900,2700
24.06.2024 06:13:21.584,32.851600000000005,32.81608,900,2700
24.06.2024 06:13:22.636,32.851259999999996,32.81608,450,2700
24.06.2024 06:13:22.787,32.851259999999996,32.816590000000005,450,2700
24.06.2024 06:13:23.188,32.851600000000005,32.816590000000005,900,2700
24.06.2024 06:13:23.239,32.851600000000005,32.81607,900,2700
24.06.2024 06:13:23.440,32.851600000000005,32.81608,900,2700
24.06.2024 06:13:23.741,32.851600000000005,32.81607,900,2700
24.06.2024 06:13:23.842,32.851240000000004,32.81607,450,2700
24.06.2024 06:13:24.945,32.851240000000004,32.81606,450,2700
24.06.2024 06:13:25.196,32.851240000000004,32.81658,450,2700
24.06.2024 06:13:25.848,32.851220000000005,32.81658,450,2700
24.06.2024 06:13:27.353,32.851220000000005,32.816570000000006,450,2700
24.06.2024 06:13:27.605,32.85023,32.81459,2700,2700
24.06.2024 06:13:27.856,32.85024000000001,32.8146,2700,2700
24.06.2024 06:13:28.108,32.851600000000005,32.81596,3599.9999,2700
24.06.2024 06:13:28.509,32.85068,32.81504,2700,2700
24.06.2024 06:13:28.760,32.851600000000005,32.816120000000005,900,2700
24.06.2024 06:13:29.863,32.85133,32.81664000000001,450,2700
24.06.2024 06:13:30.114,32.85133,32.81663,450,2700
24.06.2024 06:13:31.067,32.8513,32.81663,450,2700
24.06.2024 06:13:32.421,32.85128,32.81663,450,2700
24.06.2024 06:13:32.572,32.85128,32.81661,450,2700
24.06.2024 06:13:33.776,32.851259999999996,32.81661,450,2700
24.06.2024 06:13:34.981,32.85123,32.81661,450,2700
24.06.2024 06:13:35.534,32.85076,32.81506,2700,2700
24.06.2024 06:13:35.786,32.84988,32.8146,2700,900
24.06.2024 06:13:36.038,32.85157,32.816050000000004,2700,2700
24.06.2024 06:13:36.290,32.85068,32.81516,2700,2700
24.06.2024 06:13:46.775,32.861670000000004,32.81899000000001,2700,900
24.06.2024 06:13:46.977,32.85897,32.82216,2700,2700
24.06.2024 06:13:47.481,32.863020000000006,32.81899000000001,900,900
24.06.2024 06:13:47.733,32.85716,32.821220000000004,2700,2700
24.06.2024 06:13:47.934,32.85537,32.819520000000004,2700,900
24.06.2024 06:13:48.085,32.85537,32.81911,2700,900
24.06.2024 06:13:49.293,32.85823,32.81964000000001,900,900
24.06.2024 06:13:50.045,32.85768,32.81964000000001,900,900
24.06.2024 06:13:50.747,32.857670000000006,32.81964000000001,900,900
24.06.2024 06:13:51.099,32.85611,32.81964000000001,900,900
24.06.2024 06:13:51.503,32.85417,32.819770000000005,900,900
24.06.2024 06:13:51.855,32.85416,32.819770000000005,900,900
24.06.2024 06:13:54.326,32.854150000000004,32.819770000000005,900,900
24.06.2024 06:13:55.077,32.85414,32.819770000000005,900,900
24.06.2024 06:13:56.632,32.85413,32.819770000000005,900,900
24.06.2024 06:14:00.141,32.85385,32.81953,900,900
24.06.2024 06:14:00.242,32.853880000000004,32.81953,900,900
24.06.2024 06:14:00.394,32.853880000000004,32.82501,900,2700
24.06.2024 06:14:00.496,32.85366,32.82501,900,2700
24.06.2024 06:14:00.546,32.85371,32.82501,900,2700
24.06.2024 06:14:00.597,32.85367,32.82501,900,2700
24.06.2024 06:14:00.648,32.85439,32.819390000000006,900,900
24.06.2024 06:14:00.849,32.853590000000004,32.819390000000006,900,900
24.06.2024 06:14:01.151,32.853590000000004,32.8194,900,900
24.06.2024 06:14:13.182,32.85363,32.8194,900,900
24.06.2024 06:14:13.483,32.85314,32.8194,2700,900
24.06.2024 06:14:28.517,32.85315,32.8194,2700,900
24.06.2024 06:14:28.768,32.85286,32.8194,2700,900
24.06.2024 06:14:29.020,32.849940000000004,32.822320000000005,2700,2700
24.06.2024 06:14:29.271,32.849959999999996,32.822340000000004,2700,2700
24.06.2024 06:14:29.522,32.85,32.82238,2700,2700
24.06.2024 06:14:30.024,32.850970000000004,32.823350000000005,2700,2700
24.06.2024 06:14:30.426,32.85001,32.822390000000006,2700,2700
24.06.2024 06:14:30.678,32.85016,32.822540000000004,2700,2700
24.06.2024 06:14:30.930,32.85369000000001,32.82606,2700,2700
24.06.2024 06:14:32.135,32.85352,32.82589,2700,2700
24.06.2024 06:14:32.963,32.85352,32.82588,2700,2700
24.06.2024 06:14:33.366,32.8539,32.824740000000006,2700,2700
24.06.2024 06:14:33.617,32.85193,32.819790000000005,2700,900
24.06.2024 06:14:34.069,32.85229,32.819790000000005,2700,900
24.06.2024 06:14:34.520,32.85229,32.81899000000001,2700,900
24.06.2024 06:14:34.571,32.85401,32.82099,900,2700
24.06.2024 06:14:34.823,32.85401,32.82093,900,2700
24.06.2024 06:14:36.980,32.85401,32.82092,900,2700
24.06.2024 06:14:39.339,32.85401,32.82091,900,2700
24.06.2024 06:14:39.941,32.85528,32.819720000000004,2700,2700
24.06.2024 06:14:40.192,32.85593,32.81949,2700,900
24.06.2024 06:14:40.946,32.855940000000004,32.81949,2700,900
24.06.2024 06:14:41.498,32.855940000000004,32.81899000000001,2700,900
24.06.2024 06:14:41.549,32.85562,32.81899000000001,2700,900
24.06.2024 06:14:41.750,32.853640000000006,32.81899000000001,900,900
24.06.2024 06:14:43.254,32.85251,32.81899000000001,900,900
24.06.2024 06:14:44.862,32.84874000000001,32.81906,900,2700
24.06.2024 06:14:45.014,32.84874000000001,32.82012,900,900
24.06.2024 06:14:45.115,32.84873,32.82012,900,900
24.06.2024 06:14:45.266,32.84716,32.82012,900,900
24.06.2024 06:14:45.367,32.84716,32.82155,900,2700
24.06.2024 06:14:45.468,32.846900000000005,32.82155,900,2700
24.06.2024 06:14:45.621,32.846900000000005,32.822190000000006,900,450
24.06.2024 06:14:45.722,32.84673,32.822190000000006,900,450
24.06.2024 06:14:46.024,32.846720000000005,32.822190000000006,900,450
24.06.2024 06:14:46.075,32.846720000000005,32.821709999999996,900,2700
24.06.2024 06:14:46.176,32.846720000000005,32.8217,900,450
24.06.2024 06:14:46.227,32.8477,32.8217,900,450
24.06.2024 06:14:46.328,32.8477,32.82181,900,2700
24.06.2024 06:14:46.429,32.84771,32.82181,900,2700
24.06.2024 06:14:49.889,32.85016,32.82451,2700,2700
24.06.2024 06:14:50.041,32.84913,32.82451,900,2700
24.06.2024 06:14:50.142,32.84913,32.82224,900,2700
24.06.2024 06:14:52.199,32.84913,32.82224,900,2700
24.06.2024 06:14:52.701,32.84913,32.82224,900,2700
24.06.2024 06:14:54.105,32.84794,32.82224,900,2700
24.06.2024 06:14:54.456,32.84776,32.82224,900,2700
24.06.2024 06:15:00.073,32.85014,32.821000000000005,900,2700
24.06.2024 06:15:00.325,32.85014,32.82092,900,2700
24.06.2024 06:15:00.576,32.84902,32.82092,900,2700
24.06.2024 06:15:01.329,32.84902,32.822900000000004,900,2700
24.06.2024 06:15:01.581,32.84902,32.82092,900,2700
24.06.2024 06:15:02.183,32.84902,32.822770000000006,900,2700
24.06.2024 06:15:02.434,32.84902,32.82092,900,2700
24.06.2024 06:15:02.887,32.84833,32.820420000000006,900,900
24.06.2024 06:15:02.937,32.84833,32.819720000000004,900,2700
24.06.2024 06:15:02.988,32.84833,32.82015,900,900
24.06.2024 06:15:03.089,32.84832,32.82015,900,900
24.06.2024 06:15:03.893,32.84832,32.820220000000006,900,2700
24.06.2024 06:15:04.045,32.84799,32.820220000000006,900,2700
24.06.2024 06:15:04.146,32.84799,32.82015,900,900
24.06.2024 06:15:04.399,32.84799,32.819190000000006,900,900
24.06.2024 06:15:04.450,32.84799,32.819970000000005,900,900
24.06.2024 06:15:06.706,32.84799,32.820220000000006,900,2700
24.06.2024 06:15:06.957,32.84799,32.820209999999996,900,2700
24.06.2024 06:15:07.208,32.84799,32.819970000000005,900,900
24.06.2024 06:15:08.110,32.84799,32.820209999999996,900,2700
24.06.2024 06:15:08.361,32.84799,32.819970000000005,900,900
24.06.2024 06:15:10.065,32.84816,32.819970000000005,900,900
24.06.2024 06:15:11.284,32.84816,32.820170000000005,900,900
24.06.2024 06:15:12.088,32.84816,32.82025,900,2700
24.06.2024 06:15:12.339,32.84816,32.820170000000005,900,900
24.06.2024 06:15:13.392,32.84816,32.82025,900,2700
24.06.2024 06:15:13.443,32.84831,32.82025,900,2700
24.06.2024 06:15:13.644,32.84831,32.820170000000005,900,900
24.06.2024 06:15:20.015,32.84831,32.81978,900,2700
24.06.2024 06:15:20.066,32.84808,32.82031,900,900
24.06.2024 06:15:21.220,32.847750000000005,32.82101,900,900
24.06.2024 06:15:22.174,32.847750000000005,32.8222,900,450
24.06.2024 06:15:25.181,32.847570000000005,32.8222,900,450
24.06.2024 06:15:25.785,32.84648,32.8222,900,450
24.06.2024 06:15:25.937,32.84648,32.82274,900,900
24.06.2024 06:15:25.988,32.84617,32.82221,900,900
24.06.2024 06:15:26.039,32.84617,32.822340000000004,900,900
24.06.2024 06:15:26.241,32.84548,32.822340000000004,900,900
24.06.2024 06:15:26.543,32.845490000000005,32.82251,900,900
24.06.2024 06:15:26.795,32.845490000000005,32.82143,900,900
24.06.2024 06:15:26.846,32.84663,32.82356,900,900
24.06.2024 06:15:26.947,32.84663,32.8263,900,450
24.06.2024 06:15:27.049,32.84664,32.8263,900,450
24.06.2024 06:15:27.151,32.84541,32.8263,900,450
24.06.2024 06:15:27.403,32.84535,32.8263,900,450
24.06.2024 06:15:27.555,32.84534000000001,32.8263,900,450
24.06.2024 06:15:27.958,32.84534000000001,32.8253,900,450
24.06.2024 06:15:30.017,32.84534000000001,32.825,900,450
24.06.2024 06:15:38.246,32.845490000000005,32.825,900,450
24.06.2024 06:15:38.297,32.84539,32.825,900,450
24.06.2024 06:15:38.348,32.84539,32.822770000000006,900,2700
24.06.2024 06:15:38.450,32.84535,32.822770000000006,900,2700
24.06.2024 06:15:38.500,32.84535,32.821220000000004,900,900
24.06.2024 06:15:39.605,32.84535,32.82145,900,900
24.06.2024 06:15:48.447,32.845490000000005,32.82145,900,900
24.06.2024 06:15:50.051,32.845670000000005,32.82145,900,900
24.06.2024 06:15:50.102,32.84503,32.82145,900,900
24.06.2024 06:15:50.153,32.84503,32.82126,900,900
24.06.2024 06:15:51.057,32.845020000000005,32.82126,900,900
24.06.2024 06:15:59.076,32.84501,32.82126,900,900
24.06.2024 06:16:01.082,32.84583,32.82114000000001,900,900
24.06.2024 06:16:01.133,32.84568,32.82181,900,900
24.06.2024 06:16:01.184,32.84568,32.82078,900,900
24.06.2024 06:16:01.235,32.84568,32.8219,900,900
24.06.2024 06:16:01.337,32.8459,32.825700000000005,900,450
24.06.2024 06:16:01.439,32.84446,32.825700000000005,900,450
24.06.2024 06:16:01.641,32.84414,32.825700000000005,900,450
24.06.2024 06:16:02.395,32.84413,32.8237,900,450
24.06.2024 06:16:03.048,32.845240000000004,32.8237,900,450
24.06.2024 06:16:03.250,32.84532,32.8237,900,450
24.06.2024 06:16:03.402,32.84532,32.8256,900,450
24.06.2024 06:16:03.454,32.8459,32.8256,900,450
24.06.2024 06:16:03.555,32.84447,32.8256,900,450
24.06.2024 06:16:03.656,32.84447,32.8209,900,900
24.06.2024 06:16:03.757,32.84525,32.8209,900,900
24.06.2024 06:16:03.959,32.845240000000004,32.8209,900,900
24.06.2024 06:16:04.661,32.844409999999996,32.82074,900,900
24.06.2024 06:16:04.763,32.844409999999996,32.82269,900,900
24.06.2024 06:16:04.864,32.84408,32.82269,900,900
24.06.2024 06:16:05.717,32.84408,32.821200000000005,900,900
24.06.2024 06:16:06.571,32.84408,32.82099,900,900
24.06.2024 06:16:16.101,32.84408,32.82124,900,900
24.06.2024 06:16:17.305,32.84421,32.82124,900,900
24.06.2024 06:16:18.710,32.84422,32.82124,900,900
24.06.2024 06:16:21.068,32.8444,32.82124,900,900
24.06.2024 06:16:25.897,32.8444,32.822320000000005,900,2700
24.06.2024 06:16:26.149,32.8444,32.82124,900,900
24.06.2024 06:16:27.906,32.8444,32.82231,900,2700
24.06.2024 06:16:28.057,32.84413,32.82231,900,2700
24.06.2024 06:16:28.208,32.84413,32.82124,900,900
24.06.2024 06:16:28.760,32.84413,32.82231,900,2700
24.06.2024 06:16:29.012,32.84413,32.82124,900,900
24.06.2024 06:16:32.873,32.84413,32.82231,900,2700
24.06.2024 06:16:33.125,32.84413,32.82124,900,900
24.06.2024 06:16:33.528,32.84404000000001,32.82124,900,900
24.06.2024 06:16:34.131,32.844030000000004,32.82124,900,900
24.06.2024 06:16:36.938,32.84404000000001,32.82124,900,900
24.06.2024 06:16:40.949,32.84404000000001,32.82228,900,2700
24.06.2024 06:16:41.201,32.84404000000001,32.82124,900,900
24.06.2024 06:16:50.024,32.84413,32.82124,900,900
24.06.2024 06:16:55.890,32.84413,32.82227,900,2700
24.06.2024 06:16:55.941,32.84691,32.82227,900,2700
24.06.2024 06:16:56.043,32.84748,32.82227,900,2700
24.06.2024 06:16:56.144,32.84748,32.82034,900,2700
24.06.2024 06:16:56.346,32.84584,32.82034,900,2700
24.06.2024 06:16:56.448,32.84584,32.82088,900,900
24.06.2024 06:16:56.851,32.84584,32.8218,900,450
24.06.2024 06:16:57.153,32.845240000000004,32.8218,900,450
24.06.2024 06:16:57.355,32.84523,32.8218,900,450
24.06.2024 06:16:58.009,32.84523,32.8222,900,450
24.06.2024 06:16:58.511,32.845240000000004,32.8222,900,450
24.06.2024 06:16:58.613,32.84296,32.8222,900,450
24.06.2024 06:16:58.765,32.84263,32.8222,900,450
24.06.2024 06:16:58.968,32.842620000000004,32.8222,900,450
24.06.2024 06:16:59.069,32.842620000000004,32.822,900,900
24.06.2024 06:17:04.246,32.842530000000004,32.822,900,900
24.06.2024 06:17:07.004,32.842620000000004,32.822,900,900
24.06.2024 06:17:10.064,32.84306,32.822,900,900
24.06.2024 06:17:12.067,32.84251,32.822,900,900
24.06.2024 06:17:12.319,32.84265,32.82235,900,900
24.06.2024 06:17:18.937,32.84266,32.82235,900,900
24.06.2024 06:17:20.340,32.84265,32.82235,900,900
24.06.2024 06:17:24.349,32.84266,32.82235,900,900
24.06.2024 06:17:24.600,32.84266,32.822359999999996,900,2700
24.06.2024 06:17:25.103,32.84266,32.82235,900,900
24.06.2024 06:17:30.066,32.84275,32.82235,900,900
24.06.2024 06:17:31.269,32.84275,32.822359999999996,900,900
24.06.2024 06:17:39.019,32.84268,32.822,900,900
24.06.2024 06:17:39.070,32.845490000000005,32.82216,900,900
24.06.2024 06:17:39.121,32.84664,32.82215,900,900
24.06.2024 06:17:39.172,32.84664,32.82191,900,900
24.06.2024 06:17:39.223,32.84664,32.82238,900,900
24.06.2024 06:17:39.325,32.845909999999996,32.82388,900,900
24.06.2024 06:17:39.477,32.845909999999996,32.82233,900,900
24.06.2024 06:17:39.528,32.84511,32.822190000000006,900,900
24.06.2024 06:17:39.630,32.84511,32.82275,900,900
24.06.2024 06:17:39.731,32.8451,32.82275,900,900
24.06.2024 06:17:41.286,32.8451,32.82288,900,900
24.06.2024 06:17:41.838,32.8451,32.8254,900,450
24.06.2024 06:17:41.940,32.84511,32.8254,900,450
24.06.2024 06:17:42.842,32.84511,32.8253,900,450
24.06.2024 06:17:43.293,32.8451,32.82157,900,900
24.06.2024 06:17:47.657,32.84525,32.82202,900,900
24.06.2024 06:17:47.909,32.84525,32.8267,900,450
24.06.2024 06:17:58.494,32.84525,32.8268,900,450
24.06.2024 06:17:58.795,32.84511,32.8268,900,450
24.06.2024 06:18:08.829,32.84525,32.8268,900,450
24.06.2024 06:18:10.185,32.845240000000004,32.8268,900,450
24.06.2024 06:18:10.599,32.84525,32.8268,900,450
24.06.2024 06:18:12.408,32.845240000000004,32.8268,900,450
24.06.2024 06:18:12.810,32.84525,32.8268,900,450
24.06.2024 06:18:22.390,32.845240000000004,32.8268,900,450
24.06.2024 06:18:35.116,32.84517,32.8268,900,450
24.06.2024 06:18:35.168,32.846540000000005,32.82231,900,900
24.06.2024 06:18:35.319,32.846540000000005,32.82247,900,900
24.06.2024 06:18:35.370,32.84653,32.822250000000004,900,900
24.06.2024 06:18:35.521,32.84523,32.8248,900,450
24.06.2024 06:18:35.674,32.84523,32.822320000000005,900,900
24.06.2024 06:18:35.725,32.845240000000004,32.82227,900,900
24.06.2024 06:18:36.127,32.84635,32.82165,900,900
24.06.2024 06:18:36.228,32.84635,32.82224,900,900
24.06.2024 06:18:36.330,32.84638,32.82223,900,900
24.06.2024 06:18:37.235,32.84638,32.822320000000005,900,900
24.06.2024 06:18:38.439,32.84638,32.822500000000005,900,900
24.06.2024 06:18:38.640,32.84638,32.8222,900,900
24.06.2024 06:18:39.695,32.84638,32.82216,900,900
24.06.2024 06:18:40.047,32.84656,32.82216,900,900
24.06.2024 06:18:47.620,32.84656,32.8224,900,900
24.06.2024 06:18:52.255,32.84671,32.8224,900,900
24.06.2024 06:18:52.306,32.84671,32.82208,900,900
24.06.2024 06:18:52.457,32.84669,32.82208,900,900
24.06.2024 06:18:52.609,32.84669,32.822250000000004,900,900
24.06.2024 06:18:52.659,32.84681,32.822070000000004,900,900
24.06.2024 06:18:52.861,32.84408,32.821709999999996,900,900
24.06.2024 06:18:52.963,32.84408,32.82215,900,900
24.06.2024 06:18:53.064,32.84486,32.82215,900,900
24.06.2024 06:18:53.867,32.84404000000001,32.82215,900,900
24.06.2024 06:18:53.918,32.84404000000001,32.82209,900,900
24.06.2024 06:18:54.069,32.84371,32.82209,900,900
24.06.2024 06:19:03.342,32.84371,32.822140000000005,900,900
24.06.2024 06:19:04.546,32.84371,32.82215,900,900
24.06.2024 06:19:05.099,32.84371,32.822050000000004,900,900
24.06.2024 06:19:05.150,32.84371,32.82196,900,900
24.06.2024 06:19:05.352,32.84394,32.82278,900,900
24.06.2024 06:19:05.553,32.84394,32.823550000000004,900,2700
24.06.2024 06:19:06.456,32.84394,32.82363,900,2700
24.06.2024 06:19:07.209,32.84394,32.823420000000006,900,2700
24.06.2024 06:19:07.612,32.84584,32.823420000000006,2700,2700
24.06.2024 06:19:07.714,32.84604,32.82215,900,900
24.06.2024 06:19:07.815,32.84683,32.82395,900,900
24.06.2024 06:19:07.866,32.84621,32.82213,900,900
24.06.2024 06:19:07.917,32.84619000000001,32.82209,900,900
24.06.2024 06:19:07.968,32.84619000000001,32.822140000000005,900,900
24.06.2024 06:19:08.070,32.84617,32.822140000000005,900,900
24.06.2024 06:19:08.172,32.845,32.822250000000004,900,900
24.06.2024 06:19:08.323,32.84466,32.822340000000004,900,900
24.06.2024 06:19:09.077,32.84499,32.822340000000004,900,900
24.06.2024 06:19:09.178,32.84499,32.82229,900,900
24.06.2024 06:19:10.533,32.84466,32.82233,900,900
24.06.2024 06:19:11.739,32.84466,32.82227,900,900
24.06.2024 06:19:12.242,32.84466,32.822,900,900
24.06.2024 06:19:12.292,32.84466,32.82213,900,900
24.06.2024 06:19:12.444,32.84466,32.82203,900,900
24.06.2024 06:19:12.746,32.84466,32.82213,900,900
24.06.2024 06:19:13.850,32.84466,32.82229,900,900
24.06.2024 06:19:14.853,32.84466,32.82235,900,900
24.06.2024 06:19:17.213,32.84466,32.82216,900,900
24.06.2024 06:19:17.915,32.84466,32.822320000000005,900,900
24.06.2024 06:19:18.167,32.84466,32.821000000000005,900,900
24.06.2024 06:19:18.369,32.84466,32.82087,900,900
24.06.2024 06:19:18.570,32.84466,32.82114000000001,900,900
24.06.2024 06:19:18.672,32.84466,32.8219,900,900
24.06.2024 06:19:18.773,32.84467,32.8219,900,900
24.06.2024 06:19:18.975,32.84466,32.8219,900,900
24.06.2024 06:19:19.026,32.84466,32.82186,900,900
24.06.2024 06:19:19.627,32.84466,32.82181,900,900
24.06.2024 06:19:28.705,32.84466,32.822120000000005,900,900
24.06.2024 06:19:28.907,32.84466,32.822070000000004,900,900
24.06.2024 06:19:29.059,32.84466,32.82093,900,900
24.06.2024 06:19:29.109,32.84466,32.82209,900,900
24.06.2024 06:19:31.267,32.84466,32.82217,900,900
24.06.2024 06:19:35.128,32.84466,32.822590000000005,900,900
24.06.2024 06:19:35.329,32.84466,32.82222,900,900
24.06.2024 06:19:36.636,32.84466,32.82193,900,900
24.06.2024 06:19:36.687,32.84466,32.8222,900,900
24.06.2024 06:19:41.251,32.84466,32.82227,900,900
24.06.2024 06:19:41.654,32.8449,32.823440000000005,900,900
24.06.2024 06:19:41.856,32.8449,32.824,900,2700
24.06.2024 06:19:42.559,32.84595,32.82393,900,2700
24.06.2024 06:19:42.610,32.8459,32.82393,900,2700
24.06.2024 06:19:42.762,32.84646,32.82393,900,2700
24.06.2024 06:19:42.813,32.84466,32.82216,900,450
24.06.2024 06:19:42.914,32.84466,32.822250000000004,900,900
24.06.2024 06:19:43.869,32.84455,32.822250000000004,900,900
24.06.2024 06:19:43.920,32.84455,32.8221,900,900
24.06.2024 06:19:44.071,32.84518,32.8221,900,900
24.06.2024 06:19:44.223,32.84518,32.822070000000004,900,900
24.06.2024 06:19:44.274,32.845470000000006,32.822070000000004,900,900
24.06.2024 06:19:45.078,32.845470000000006,32.82217,900,900
24.06.2024 06:19:48.643,32.84513,32.82217,900,900
24.06.2024 06:19:51.850,32.84111,32.82217,900,900
24.06.2024 06:19:51.901,32.84111,32.82079,900,900
24.06.2024 06:19:51.952,32.84111,32.82105,900,900
24.06.2024 06:19:52.003,32.84111,32.82048,900,900
24.06.2024 06:19:52.054,32.83733,32.82072,900,900
24.06.2024 06:19:52.105,32.83852,32.8217,900,450
24.06.2024 06:19:52.257,32.83852,32.82179000000001,900,450
24.06.2024 06:19:52.358,32.83853,32.82179000000001,900,450
24.06.2024 06:19:53.262,32.83601,32.82179000000001,900,450
24.06.2024 06:19:53.313,32.839940000000006,32.82179000000001,2700,450
24.06.2024 06:19:53.515,32.84102,32.82179000000001,2700,450
24.06.2024 06:19:53.667,32.84102,32.8213,2700,450
24.06.2024 06:19:53.768,32.84156,32.821600000000004,2700,450
24.06.2024 06:19:53.870,32.84156,32.82289,2700,900
24.06.2024 06:19:54.021,32.84189000000001,32.82289,2700,900
24.06.2024 06:19:54.724,32.84189000000001,32.822,2700,900
24.06.2024 06:19:54.776,32.841680000000004,32.822970000000005,2700,900
24.06.2024 06:19:54.827,32.841680000000004,32.82288,2700,900
24.06.2024 06:19:54.878,32.841680000000004,32.824400000000004,2700,450
24.06.2024 06:19:55.030,32.841820000000006,32.824400000000004,2700,450
24.06.2024 06:19:55.232,32.841680000000004,32.824400000000004,2700,450
24.06.2024 06:19:55.484,32.84082,32.824400000000004,2700,450
24.06.2024 06:19:55.987,32.84082,32.8228,2700,900
24.06.2024 06:19:56.038,32.84082,32.8226,2700,450
24.06.2024 06:19:56.089,32.842800000000004,32.8226,2700,450
24.06.2024 06:19:56.541,32.84277,32.8226,2700,450
24.06.2024 06:19:58.798,32.84082,32.8226,2700,450
24.06.2024 06:19:59.050,32.84396,32.822540000000004,2700,900
24.06.2024 06:19:59.302,32.841680000000004,32.822540000000004,2700,900
24.06.2024 06:20:00.305,32.84082,32.822540000000004,2700,900
24.06.2024 06:20:00.607,32.841680000000004,32.822540000000004,2700,900
24.06.2024 06:20:00.858,32.84082,32.823220000000006,2700,450
24.06.2024 06:20:01.110,32.841680000000004,32.823220000000006,2700,450
24.06.2024 06:20:02.064,32.84082,32.823350000000005,2700,900
24.06.2024 06:20:02.115,32.84082,32.82315,2700,900
24.06.2024 06:20:02.166,32.84082,32.82223,2700,900
24.06.2024 06:20:02.217,32.84082,32.82283,2700,900
24.06.2024 06:20:02.318,32.84801,32.824,900,450
24.06.2024 06:20:02.470,32.84801,32.82336,900,2700
24.06.2024 06:20:02.572,32.84201,32.82306,2700,900
24.06.2024 06:20:02.924,32.84319000000001,32.823440000000005,2700,900
24.06.2024 06:20:03.127,32.8412,32.823440000000005,2700,900
24.06.2024 06:20:03.379,32.84103,32.82328,2700,900
24.06.2024 06:20:03.480,32.84103,32.824,2700,450
24.06.2024 06:20:03.781,32.83811,32.824,2700,450
24.06.2024 06:20:04.035,32.84098,32.824,2700,450
24.06.2024 06:20:04.296,32.840920000000004,32.824,2700,450
24.06.2024 06:20:04.549,32.84088,32.82347,2700,900
24.06.2024 06:20:04.700,32.84088,32.82348,2700,900
24.06.2024 06:20:04.751,32.84088,32.82336,2700,900
24.06.2024 06:20:04.802,32.84084000000001,32.82347,2700,900
24.06.2024 06:20:05.205,32.84081,32.82347,2700,900
24.06.2024 06:20:05.357,32.84081,32.8239,2700,900
24.06.2024 06:20:05.458,32.840920000000004,32.8239,2700,900
24.06.2024 06:20:05.659,32.840920000000004,32.82331,2700,900
24.06.2024 06:20:05.710,32.839740000000006,32.82331,2700,900
24.06.2024 06:20:06.213,32.83979,32.82331,2700,900
24.06.2024 06:20:06.465,32.834990000000005,32.8241,2700,450
24.06.2024 06:20:06.567,32.834990000000005,32.8235,2700,450
24.06.2024 06:20:06.718,32.84208,32.8235,2700,450
24.06.2024 06:20:07.020,32.8395,32.8235,2700,450
24.06.2024 06:20:07.272,32.83878,32.8235,2700,450
24.06.2024 06:20:07.525,32.83966,32.8235,2700,450
24.06.2024 06:20:07.727,32.83966,32.823220000000006,2700,900
24.06.2024 06:20:07.779,32.83963,32.823220000000006,2700,900
24.06.2024 06:20:08.030,32.8402,32.823220000000006,2700,900
24.06.2024 06:20:08.282,32.84017,32.82323,2700,900
24.06.2024 06:20:08.534,32.83948,32.82323,2700,900
24.06.2024 06:20:08.786,32.839800000000004,32.82323,2700,900
24.06.2024 06:20:09.338,32.83975,32.82316,2700,900
24.06.2024 06:20:09.389,32.83975,32.8232,2700,900
24.06.2024 06:20:09.491,32.83975,32.82379,2700,900
24.06.2024 06:20:09.592,32.84024,32.82401,2700,900
24.06.2024 06:20:09.845,32.84031,32.82401,2700,900
24.06.2024 06:20:10.297,32.842600000000004,32.82401,2700,900
24.06.2024 06:20:10.498,32.84089,32.82401,2700,900
24.06.2024 06:20:10.751,32.840050000000005,32.82401,2700,900
24.06.2024 06:20:10.802,32.840050000000005,32.82372,2700,900
24.06.2024 06:20:11.004,32.84084000000001,32.82372,2700,900
24.06.2024 06:20:11.256,32.83992,32.82372,2700,900
24.06.2024 06:20:11.358,32.83992,32.824040000000004,2700,900
24.06.2024 06:20:11.510,32.83999000000001,32.824040000000004,2700,900
24.06.2024 06:20:11.912,32.84212,32.824040000000004,2700,900
24.06.2024 06:20:12.164,32.83968,32.824040000000004,2700,900
24.06.2024 06:20:13.218,32.83935,32.824040000000004,2700,900
24.06.2024 06:20:13.420,32.83988,32.824040000000004,2700,900
24.06.2024 06:20:14.023,32.84297,32.824040000000004,2700,900
24.06.2024 06:20:14.275,32.84284,32.824040000000004,2700,900
24.06.2024 06:20:14.527,32.83956,32.824040000000004,2700,900
24.06.2024 06:20:15.230,32.84206,32.824040000000004,2700,900
24.06.2024 06:20:15.481,32.83986,32.824040000000004,2700,900
24.06.2024 06:20:15.532,32.83986,32.824020000000004,2700,900
24.06.2024 06:20:15.734,32.84146,32.824020000000004,2700,900
24.06.2024 06:20:15.986,32.83928,32.824020000000004,2700,900
24.06.2024 06:20:16.038,32.83928,32.82392,2700,900
24.06.2024 06:20:16.239,32.83932,32.82392,2700,900
24.06.2024 06:20:16.491,32.83955,32.82392,2700,900
24.06.2024 06:20:16.742,32.84091,32.82392,2700,900
24.06.2024 06:20:17.194,32.840900000000005,32.82392,2700,900
24.06.2024 06:20:17.447,32.84087,32.82392,2700,900
24.06.2024 06:20:17.698,32.8392,32.82392,2700,900
24.06.2024 06:20:17.950,32.842150000000004,32.82392,2700,900
24.06.2024 06:20:18.202,32.840720000000005,32.82392,2700,900
24.06.2024 06:20:18.304,32.840720000000005,32.824130000000004,2700,900
24.06.2024 06:20:18.456,32.83883,32.824130000000004,2700,900
24.06.2024 06:20:19.209,32.84136,32.824130000000004,2700,900
24.06.2024 06:20:19.260,32.84136,32.824090000000005,2700,900
24.06.2024 06:20:19.362,32.84136,32.82392,2700,900
24.06.2024 06:20:19.463,32.83983,32.82392,2700,900
24.06.2024 06:20:19.714,32.84125,32.82392,2700,900
24.06.2024 06:20:20.418,32.84125,32.82403,2700,900
24.06.2024 06:20:20.519,32.84126,32.82403,2700,900
24.06.2024 06:20:20.721,32.8405,32.82403,2700,900
24.06.2024 06:20:20.972,32.84029,32.82403,2700,900
24.06.2024 06:20:21.223,32.840250000000005,32.82403,2700,900
24.06.2024 06:20:21.576,32.842670000000005,32.82403,2700,900
24.06.2024 06:20:21.628,32.842670000000005,32.82379,2700,900
24.06.2024 06:20:21.830,32.84055,32.82379,2700,900
24.06.2024 06:20:22.082,32.842090000000006,32.82379,2700,900
24.06.2024 06:20:23.235,32.840559999999996,32.82379,2700,900
24.06.2024 06:20:23.587,32.84207,32.82379,2700,900
24.06.2024 06:20:23.939,32.84317,32.82379,2700,900
24.06.2024 06:20:24.090,32.84317,32.82423,2700,900
24.06.2024 06:20:24.192,32.838950000000004,32.82403,2700,900
24.06.2024 06:20:24.443,32.84199,32.82403,2700,900
24.06.2024 06:20:24.796,32.843180000000004,32.82403,2700,900
24.06.2024 06:20:25.047,32.841,32.82403,2700,900
24.06.2024 06:20:25.299,32.841390000000004,32.82403,2700,900
24.06.2024 06:20:25.350,32.83523,32.82403,900,900
24.06.2024 06:20:26.556,32.83523,32.82372,900,900
24.06.2024 06:20:26.657,32.83671,32.82366,900,900
24.06.2024 06:20:26.708,32.83671,32.823350000000005,900,900
24.06.2024 06:20:26.759,32.84122,32.82361,2700,900
24.06.2024 06:20:26.961,32.84156,32.82361,900,900
24.06.2024 06:20:27.463,32.84047,32.82361,2700,900
24.06.2024 06:20:28.216,32.84047,32.823859999999996,2700,900
24.06.2024 06:20:28.418,32.84047,32.8237,2700,900
24.06.2024 06:20:28.519,32.84036,32.8237,2700,900
24.06.2024 06:20:28.770,32.84086,32.8237,2700,900
24.06.2024 06:20:29.874,32.84156,32.8237,900,900
24.06.2024 06:20:30.726,32.84047,32.8237,2700,900
24.06.2024 06:20:30.927,32.840120000000006,32.82392,900,900
24.06.2024 06:20:30.978,32.84089,32.82376,2700,900
24.06.2024 06:20:31.029,32.84089,32.82368,2700,900
24.06.2024 06:20:31.231,32.83958,32.82368,2700,900
24.06.2024 06:20:31.432,32.84102,32.82368,900,900
24.06.2024 06:20:31.683,32.84016,32.82368,2700,900
24.06.2024 06:20:31.935,32.84081,32.82368,2700,900
24.06.2024 06:20:32.187,32.84069,32.82341,900,900
24.06.2024 06:20:32.239,32.84069,32.82377,900,900
24.06.2024 06:20:32.290,32.84069,32.82356,900,900
24.06.2024 06:20:32.391,32.84156,32.82356,900,900
24.06.2024 06:20:32.442,32.8403,32.82385,2700,900
24.06.2024 06:20:32.693,32.84028,32.82385,2700,900
24.06.2024 06:20:33.246,32.838890000000006,32.82385,2700,900
24.06.2024 06:20:33.297,32.838890000000006,32.82374,2700,900
24.06.2024 06:20:33.499,32.84037,32.82374,2700,900
24.06.2024 06:20:33.650,32.84037,32.82368,2700,900
24.06.2024 06:20:33.751,32.84,32.82368,2700,900
24.06.2024 06:20:33.903,32.84,32.82374,2700,900
24.06.2024 06:20:34.004,32.83944,32.82374,2700,900
24.06.2024 06:20:34.205,32.83944,32.82377,2700,900
24.06.2024 06:20:34.256,32.83951,32.82377,2700,900
24.06.2024 06:20:34.458,32.83943,32.82377,2700,900
24.06.2024 06:20:36.116,32.8407,32.82377,2700,900
24.06.2024 06:20:36.368,32.840390000000006,32.82377,2700,900
24.06.2024 06:20:36.902,32.84073,32.82377,900,900
24.06.2024 06:20:37.003,32.839690000000004,32.823859999999996,900,900
24.06.2024 06:20:37.159,32.83832,32.823859999999996,2700,900
24.06.2024 06:20:37.412,32.83936,32.823859999999996,900,900
24.06.2024 06:20:38.015,32.8393,32.823859999999996,900,900
24.06.2024 06:20:38.116,32.8393,32.82397,900,900
24.06.2024 06:20:38.167,32.83979,32.824020000000004,2700,900
24.06.2024 06:20:38.218,32.83979,32.824,2700,900
24.06.2024 06:20:38.269,32.83914,32.824,2700,900
24.06.2024 06:20:38.973,32.840109999999996,32.824,2700,900
24.06.2024 06:20:39.174,32.840109999999996,32.824020000000004,2700,900
24.06.2024 06:20:39.426,32.84006,32.824020000000004,2700,900
24.06.2024 06:20:40.330,32.83988,32.824020000000004,900,900
24.06.2024 06:20:40.431,32.83988,32.82397,900,900
24.06.2024 06:20:40.532,32.83978,32.82397,900,900
24.06.2024 06:20:40.684,32.83876,32.82387,2700,900
24.06.2024 06:20:40.785,32.83876,32.82401,2700,900
24.06.2024 06:20:40.937,32.83873,32.82401,2700,900
24.06.2024 06:20:41.339,32.83834,32.82437,2700,900
24.06.2024 06:20:41.440,32.83834,32.82439,2700,900
24.06.2024 06:20:41.591,32.83876,32.82439,2700,900
24.06.2024 06:20:41.743,32.83876,32.82421,2700,900
24.06.2024 06:20:41.844,32.838300000000004,32.82421,2700,900
24.06.2024 06:20:42.046,32.838300000000004,32.824400000000004,2700,900
24.06.2024 06:20:42.097,32.8387,32.824400000000004,2700,900
24.06.2024 06:20:42.148,32.8387,32.82421,2700,900
24.06.2024 06:20:42.249,32.8387,32.8243,2700,900
24.06.2024 06:20:42.351,32.83822,32.8243,2700,900
24.06.2024 06:20:42.553,32.83822,32.824220000000004,2700,900
24.06.2024 06:20:42.604,32.83865,32.823220000000006,2700,900
24.06.2024 06:20:42.806,32.83843,32.82411,900,900
24.06.2024 06:20:42.907,32.8382,32.82417,2700,900
24.06.2024 06:20:43.009,32.8382,32.8241,2700,900
24.06.2024 06:20:43.060,32.83897,32.82417,2700,900
24.06.2024 06:20:43.211,32.83897,32.82416,2700,900
24.06.2024 06:20:43.262,32.83897,32.82411,2700,900
24.06.2024 06:20:43.364,32.83961,32.82411,900,900
24.06.2024 06:20:43.465,32.83959,32.824040000000004,900,900
24.06.2024 06:20:43.516,32.83984,32.82416,2700,900
24.06.2024 06:20:43.567,32.83911,32.82416,2700,900
24.06.2024 06:20:43.668,32.83911,32.82411,2700,900
24.06.2024 06:20:43.769,32.83911,32.824040000000004,2700,900
24.06.2024 06:20:43.820,32.83811,32.8241,2700,900
24.06.2024 06:20:44.122,32.83806,32.8241,2700,900
24.06.2024 06:20:44.224,32.83806,32.824020000000004,2700,900
24.06.2024 06:20:44.275,32.83806,32.82416,2700,900
24.06.2024 06:20:44.326,32.83847,32.82416,2700,900
24.06.2024 06:20:44.427,32.83847,32.82412,2700,900
24.06.2024 06:20:44.478,32.83847,32.82405,2700,900
24.06.2024 06:20:44.529,32.83847,32.82411,2700,900
24.06.2024 06:20:44.580,32.83963,32.82411,900,900
24.06.2024 06:20:44.681,32.83963,32.82403,900,900
24.06.2024 06:20:44.782,32.83811,32.82403,900,900
24.06.2024 06:20:44.934,32.8363,32.82412,2700,900
24.06.2024 06:20:45.036,32.8363,32.824059999999996,2700,900
24.06.2024 06:20:45.086,32.83785,32.824059999999996,2700,900
24.06.2024 06:20:45.138,32.83785,32.82414000000001,2700,900
24.06.2024 06:20:45.239,32.83785,32.82415,2700,900
24.06.2024 06:20:45.341,32.83835,32.82415,2700,900
24.06.2024 06:20:45.442,32.83835,32.82417,2700,900
24.06.2024 06:20:45.594,32.83832,32.82416,2700,900
24.06.2024 06:20:45.645,32.83832,32.82414000000001,2700,900
24.06.2024 06:20:45.848,32.83995,32.82414000000001,900,900
24.06.2024 06:20:45.899,32.83932,32.82414000000001,900,900
24.06.2024 06:20:45.950,32.83932,32.82396,900,900
24.06.2024 06:20:46.051,32.83932,32.82416,900,900
24.06.2024 06:20:46.102,32.83945,32.82416,2700,900
24.06.2024 06:20:46.153,32.83945,32.824090000000005,2700,900
24.06.2024 06:20:46.204,32.83945,32.82416,2700,900
24.06.2024 06:20:46.356,32.83827,32.82416,2700,900
24.06.2024 06:20:46.607,32.83806,32.82416,2700,900
24.06.2024 06:20:46.708,32.83806,32.82399,2700,900
24.06.2024 06:20:46.759,32.83806,32.82414000000001,2700,900
24.06.2024 06:20:46.861,32.83807,32.82416,2700,900
24.06.2024 06:20:46.912,32.83807,32.824,2700,900
24.06.2024 06:20:46.963,32.83807,32.82436,2700,900
24.06.2024 06:20:47.115,32.838170000000005,32.82438,2700,900
24.06.2024 06:20:47.317,32.838170000000005,32.82399,2700,900
24.06.2024 06:20:47.368,32.83859,32.82399,2700,900
24.06.2024 06:20:47.619,32.8378,32.824130000000004,2700,900
24.06.2024 06:20:47.721,32.8378,32.82397,2700,900
24.06.2024 06:20:47.772,32.8378,32.82392,2700,900
24.06.2024 06:20:47.823,32.83908,32.82392,900,900
24.06.2024 06:20:47.874,32.83908,32.82414000000001,900,900
24.06.2024 06:20:47.925,32.83908,32.82412,900,900
24.06.2024 06:20:48.076,32.83854,32.824130000000004,2700,900
24.06.2024 06:20:48.227,32.83854,32.82412,2700,900
24.06.2024 06:20:48.328,32.83858,32.82412,2700,900
24.06.2024 06:20:48.479,32.83858,32.82398,2700,900
24.06.2024 06:20:48.580,32.838890000000006,32.82398,900,900
24.06.2024 06:20:48.682,32.83886,32.82398,900,900
24.06.2024 06:20:48.833,32.83805,32.82403,2700,900
24.06.2024 06:20:49.035,32.83805,32.823620000000005,2700,900
24.06.2024 06:20:49.086,32.83823,32.823620000000005,2700,900
24.06.2024 06:20:49.137,32.83823,32.82392,2700,900
24.06.2024 06:20:49.288,32.83823,32.824090000000005,2700,900
24.06.2024 06:20:49.339,32.83907,32.82358,900,900
24.06.2024 06:20:49.390,32.83907,32.82383,900,900
24.06.2024 06:20:49.492,32.83856,32.823840000000004,900,900
24.06.2024 06:20:53.101,32.83907,32.823840000000004,900,900
24.06.2024 06:20:53.503,32.83801,32.823840000000004,2700,900
24.06.2024 06:20:53.955,32.83907,32.823840000000004,900,900
24.06.2024 06:20:54.457,32.83801,32.823840000000004,2700,900
24.06.2024 06:20:57.113,32.83907,32.823840000000004,900,900
24.06.2024 06:20:57.365,32.83842,32.823840000000004,2700,900
24.06.2024 06:20:57.517,32.83842,32.82424,2700,900
24.06.2024 06:20:57.618,32.83982,32.82424,2700,900
24.06.2024 06:20:57.870,32.83984,32.82424,2700,900
24.06.2024 06:20:57.921,32.83984,32.82412,2700,900
24.06.2024 06:20:58.122,32.83999000000001,32.82412,2700,900
24.06.2024 06:20:58.924,32.84,32.82412,2700,900
24.06.2024 06:20:58.976,32.84,32.82419,2700,900
24.06.2024 06:20:59.178,32.83977,32.82419,2700,900
24.06.2024 06:21:00.080,32.83771,32.82419,2700,900
24.06.2024 06:21:00.283,32.83982,32.82419,2700,900
24.06.2024 06:21:00.534,32.83781,32.82419,2700,900
24.06.2024 06:21:01.236,32.83781,32.82367,2700,1800
24.06.2024 06:21:01.438,32.83982,32.82367,2700,1800
24.06.2024 06:21:06.368,32.83781,32.82367,2700,1800
24.06.2024 06:21:06.619,32.83982,32.82367,2700,1800
24.06.2024 06:21:10.181,32.83982,32.82419,2700,900
24.06.2024 06:21:11.586,32.83982,32.82367,2700,900
24.06.2024 06:21:15.396,32.83982,32.82419,2700,900
24.06.2024 06:21:15.747,32.83982,32.82367,2700,900
24.06.2024 06:21:24.680,32.83982,32.823690000000006,2700,900
24.06.2024 06:21:34.452,32.84015,32.823690000000006,2700,900
24.06.2024 06:21:34.953,32.840270000000004,32.823690000000006,2700,900
24.06.2024 06:21:39.220,32.840320000000006,32.823690000000006,2700,900
24.06.2024 06:21:51.746,32.84024,32.823690000000006,2700,900
24.06.2024 06:21:57.511,32.84024,32.823820000000005,2700,900
24.06.2024 06:21:57.913,32.84022,32.823820000000005,2700,900
24.06.2024 06:21:58.215,32.84016,32.823820000000005,2700,900
24.06.2024 06:21:58.918,32.840180000000004,32.823820000000005,2700,900
24.06.2024 06:21:59.120,32.840180000000004,32.82398,2700,900
24.06.2024 06:21:59.274,32.83835,32.82398,2700,900
24.06.2024 06:21:59.426,32.838750000000005,32.82398,2700,900
24.06.2024 06:21:59.528,32.838750000000005,32.82397,2700,900
24.06.2024 06:21:59.680,32.83863,32.82374,2700,900
24.06.2024 06:21:59.933,32.8384,32.82374,2700,900
24.06.2024 06:22:00.786,32.838390000000004,32.82374,2700,900
24.06.2024 06:22:01.088,32.83921,32.82374,2700,900
24.06.2024 06:22:01.139,32.83921,32.82401,2700,900
24.06.2024 06:22:01.190,32.83921,32.82392,2700,900
24.06.2024 06:22:01.342,32.8397,32.82359,2700,900
24.06.2024 06:22:01.493,32.8397,32.82298,2700,900
24.06.2024 06:22:01.544,32.8397,32.823690000000006,2700,900
24.06.2024 06:22:01.646,32.83938,32.82411,2700,900
24.06.2024 06:22:01.848,32.84002,32.82411,2700,900
24.06.2024 06:22:01.950,32.84002,32.824020000000004,2700,900
24.06.2024 06:22:02.001,32.84002,32.82411,2700,900
24.06.2024 06:22:02.102,32.8395,32.82411,2700,900
24.06.2024 06:22:02.254,32.8395,32.824059999999996,2700,900
24.06.2024 06:22:02.356,32.839220000000005,32.82433,2700,900
24.06.2024 06:22:02.609,32.839800000000004,32.82433,2700,900
24.06.2024 06:22:03.261,32.83978,32.82433,2700,900
24.06.2024 06:22:03.764,32.83976,32.82433,2700,900
24.06.2024 06:22:04.015,32.83965,32.82433,2700,900
24.06.2024 06:22:04.669,32.83966,32.82433,2700,900
24.06.2024 06:22:05.021,32.83965,32.82433,2700,900
24.06.2024 06:22:05.272,32.83968,32.82433,2700,900
24.06.2024 06:22:05.625,32.839670000000005,32.82433,2700,900
24.06.2024 06:22:06.228,32.83965,32.82433,2700,900
24.06.2024 06:22:06.680,32.839670000000005,32.82433,2700,900
24.06.2024 06:22:07.433,32.83965,32.82433,2700,900
24.06.2024 06:22:07.685,32.839670000000005,32.82433,2700,900
24.06.2024 06:22:08.188,32.83973,32.82433,2700,900
24.06.2024 06:22:08.990,32.83704,32.82433,2700,900
24.06.2024 06:22:09.241,32.83972,32.82385,2700,900
24.06.2024 06:22:09.845,32.83972,32.823350000000005,2700,900
24.06.2024 06:22:10.247,32.83971,32.823350000000005,2700,900
24.06.2024 06:22:10.799,32.83951,32.8233,2700,900
24.06.2024 06:22:11.001,32.83951,32.82349000000001,2700,900
24.06.2024 06:22:11.052,32.83971,32.82349000000001,2700,900
24.06.2024 06:22:11.204,32.83971,32.823370000000004,2700,900
24.06.2024 06:22:11.305,32.83937,32.823370000000004,2700,900
24.06.2024 06:22:15.134,32.83937,32.82338,2700,900
24.06.2024 06:22:15.886,32.83934000000001,32.82338,2700,900
24.06.2024 06:22:16.088,32.83934000000001,32.8233,2700,900
24.06.2024 06:22:16.139,32.84006,32.8233,2700,900
24.06.2024 06:22:16.290,32.84006,32.82339,2700,900
24.06.2024 06:22:16.391,32.83972,32.82339,2700,900
24.06.2024 06:22:18.446,32.83999000000001,32.82343,2700,900
24.06.2024 06:22:18.650,32.83999000000001,32.82349000000001,2700,900
24.06.2024 06:22:18.801,32.83988,32.82349000000001,2700,900
24.06.2024 06:22:18.852,32.83988,32.82343,2700,900
24.06.2024 06:22:18.953,32.83918,32.82343,2700,900
24.06.2024 06:22:19.054,32.83918,32.82296,2700,900
24.06.2024 06:22:19.206,32.83885,32.82296,2700,900
24.06.2024 06:22:19.457,32.83913,32.82296,2700,900
24.06.2024 06:22:20.811,32.83913,32.82307,2700,900
24.06.2024 06:22:20.862,32.83959,32.82307,2700,900
24.06.2024 06:22:21.214,32.83957,32.82307,2700,900
24.06.2024 06:22:21.466,32.83907,32.82307,2700,900
24.06.2024 06:22:23.270,32.83907,32.82309,2700,900
24.06.2024 06:22:23.322,32.83945,32.82309,2700,900
24.06.2024 06:22:24.224,32.83945,32.82314,2700,900
24.06.2024 06:22:24.275,32.83956,32.82314,2700,900
24.06.2024 06:22:24.978,32.83957,32.82305,2700,900
24.06.2024 06:22:25.230,32.83955,32.82305,2700,900
24.06.2024 06:22:25.933,32.83955,32.82308,2700,900
24.06.2024 06:22:28.338,32.83955,32.82309,2700,900
24.06.2024 06:22:29.241,32.83956,32.82309,2700,900
24.06.2024 06:22:30.744,32.83956,32.823100000000004,2700,900
24.06.2024 06:22:32.248,32.83955,32.82311,2700,900
24.06.2024 06:22:34.955,32.83955,32.82313,2700,900
24.06.2024 06:22:35.356,32.839470000000006,32.82308,2700,900
24.06.2024 06:22:35.558,32.839470000000006,32.823370000000004,2700,900
24.06.2024 06:22:35.609,32.8395,32.823370000000004,2700,900
24.06.2024 06:22:35.660,32.8395,32.82331,2700,900
24.06.2024 06:22:35.761,32.8395,32.82326,2700,900
24.06.2024 06:22:35.863,32.83999000000001,32.82326,2700,900
24.06.2024 06:22:36.116,32.84029,32.82326,2700,900
24.06.2024 06:22:36.167,32.84029,32.82376,2700,900
24.06.2024 06:22:36.368,32.84029,32.82374,2700,900
24.06.2024 06:22:36.419,32.840320000000006,32.82374,2700,900
24.06.2024 06:22:36.521,32.840320000000006,32.82326,2700,900
24.06.2024 06:22:36.672,32.84001,32.82302,2700,900
24.06.2024 06:22:36.924,32.83911,32.82309,2700,900
24.06.2024 06:22:37.126,32.83911,32.82475,2700,900
24.06.2024 06:22:37.227,32.8359,32.82472,2700,900
24.06.2024 06:22:37.429,32.83719000000001,32.82472,2700,900
24.06.2024 06:22:37.731,32.84,32.82472,2700,900
24.06.2024 06:22:37.782,32.83923,32.82444,900,900
24.06.2024 06:22:38.184,32.83848,32.824070000000006,900,900
24.06.2024 06:22:38.437,32.83894,32.824490000000004,450,900
24.06.2024 06:22:38.788,32.83903,32.824490000000004,900,900
24.06.2024 06:22:38.939,32.83833,32.82418,900,900
24.06.2024 06:22:40.195,32.83869000000001,32.8247,900,900
24.06.2024 06:22:42.705,32.83829,32.82437,900,900
24.06.2024 06:22:50.828,32.835420000000006,32.82437,2700,900
24.06.2024 06:22:51.431,32.837250000000004,32.82437,2700,900
24.06.2024 06:22:51.933,32.835420000000006,32.82437,2700,900
24.06.2024 06:22:52.685,32.835420000000006,32.82439,2700,900
24.06.2024 06:22:52.937,32.837250000000004,32.82439,2700,900
24.06.2024 06:23:00.650,32.83724,32.82439,2700,900
24.06.2024 06:23:03.807,32.835420000000006,32.82439,2700,900
24.06.2024 06:23:04.461,32.83724,32.82439,2700,900
24.06.2024 06:23:04.713,32.835420000000006,32.82439,2700,900
24.06.2024 06:23:05.516,32.83724,32.82439,2700,900
24.06.2024 06:23:05.768,32.83696,32.82439,2700,900
24.06.2024 06:23:06.019,32.835420000000006,32.82439,2700,900
24.06.2024 06:23:07.371,32.83724,32.82439,2700,900
24.06.2024 06:23:10.526,32.835420000000006,32.82439,2700,900
24.06.2024 06:23:11.279,32.83723,32.82443,2700,900
24.06.2024 06:23:11.581,32.835420000000006,32.82443,2700,900
24.06.2024 06:23:12.434,32.83723,32.82443,2700,900
24.06.2024 06:23:13.587,32.835420000000006,32.82443,2700,900
24.06.2024 06:23:15.141,32.83723,32.82443,2700,900
24.06.2024 06:23:18.149,32.8373,32.82443,2700,900
24.06.2024 06:23:21.290,32.8373,32.82446,2700,900
24.06.2024 06:23:24.499,32.83663,32.82446,2700,900
24.06.2024 06:23:24.701,32.83663,32.824670000000005,2700,900
24.06.2024 06:23:24.954,32.83563,32.824670000000005,2700,900
24.06.2024 06:23:25.558,32.83641,32.824670000000005,2700,900
24.06.2024 06:23:26.861,32.83558,32.824670000000005,2700,900
24.06.2024 06:23:28.065,32.83641,32.824670000000005,2700,900
24.06.2024 06:23:28.319,32.83554,32.824670000000005,2700,900
24.06.2024 06:23:28.923,32.83641,32.824670000000005,2700,900
24.06.2024 06:23:29.174,32.83567,32.824670000000005,2700,900
24.06.2024 06:23:30.077,32.83641,32.824670000000005,2700,900
24.06.2024 06:23:30.328,32.83553,32.824670000000005,2700,900
24.06.2024 06:23:30.579,32.83565,32.824670000000005,2700,900
24.06.2024 06:23:31.681,32.83641,32.824670000000005,2700,900
24.06.2024 06:23:34.536,32.83641,32.824690000000004,2700,900
