Gmt time,Ask,Bid,AskVolume,BidVolume
24.06.2024 00:00:01.296,8.882000000000001,8.876000000000001,900,900
24.06.2024 00:00:02.249,8.883,8.876000000000001,900,2700
24.06.2024 00:00:11.226,8.884,8.876000000000001,900,900
24.06.2024 00:00:16.400,8.885,8.877,900,900
24.06.2024 00:00:23.126,8.885,8.878,900,900
24.06.2024 00:00:23.277,8.884,8.878,900,2700
24.06.2024 00:00:26.140,8.884,8.877,900,900
24.06.2024 00:00:53.624,8.885,8.877,900,900
24.06.2024 00:01:39.163,8.884,8.876000000000001,900,900
24.06.2024 00:01:51.204,8.884,8.875,900,900
24.06.2024 00:01:53.162,8.883,8.875,900,900
24.06.2024 00:01:53.263,8.883,8.874,900,2700
24.06.2024 00:01:53.365,8.882000000000001,8.874,900,900
24.06.2024 00:01:58.539,8.881,8.873,900,900
24.06.2024 00:02:06.926,8.88,8.872,900,900
24.06.2024 00:02:21.084,8.878,8.872,900,2700
24.06.2024 00:02:22.542,8.879,8.870000000000001,900,2700
24.06.2024 00:02:22.844,8.878,8.870000000000001,900,2700
24.06.2024 00:02:25.358,8.879,8.871,900,900
24.06.2024 00:02:25.560,8.877,8.871,900,2700
24.06.2024 00:02:28.626,8.878,8.872,900,900
24.06.2024 00:02:32.195,8.879,8.873,900,900
24.06.2024 00:02:35.111,8.879,8.871,900,2700
24.06.2024 00:02:37.973,8.878,8.870000000000001,900,2700
24.06.2024 00:02:46.315,8.879,8.871,900,900
24.06.2024 00:02:52.744,8.879,8.872,900,900
24.06.2024 00:02:54.151,8.88,8.872,900,900
24.06.2024 00:03:03.645,8.88,8.874,2700,900
24.06.2024 00:03:06.459,8.881,8.875,900,900
24.06.2024 00:03:17.761,8.883,8.875,900,900
24.06.2024 00:03:37.291,8.882000000000001,8.875,900,900
24.06.2024 00:03:40.152,8.883,8.875,1800,900
24.06.2024 00:04:07.118,8.881,8.875,900,5400.0001
24.06.2024 00:04:14.393,8.882000000000001,8.875,900,900
24.06.2024 00:04:14.695,8.882000000000001,8.876000000000001,1800,900
24.06.2024 00:04:15.198,8.882000000000001,8.875,900,900
24.06.2024 00:04:15.399,8.883,8.875,1800,900
24.06.2024 00:04:15.550,8.881,8.876000000000001,900,900
24.06.2024 00:04:17.006,8.881,8.875,1800,2700
24.06.2024 00:04:28.753,8.881,8.876000000000001,900,900
24.06.2024 00:04:31.163,8.882000000000001,8.874,1800,2700
24.06.2024 00:05:00.157,8.881,8.876000000000001,900,900
24.06.2024 00:05:14.010,8.883,8.875,1800,900
24.06.2024 00:05:14.111,8.881,8.876000000000001,900,900
24.06.2024 00:05:14.513,8.881,8.875,1800,5400.0001
24.06.2024 00:05:16.070,8.881,8.874,900,900
24.06.2024 00:05:16.272,8.881,8.875,1800,900
24.06.2024 00:05:17.076,8.881,8.874,900,900
24.06.2024 00:05:18.633,8.881,8.875,1800,900
24.06.2024 00:05:57.923,8.88,8.875,900,5400.0001
24.06.2024 00:06:29.421,8.88,8.874,900,900
24.06.2024 00:06:29.522,8.88,8.875,1800,900
24.06.2024 00:06:29.723,8.88,8.874,900,900
24.06.2024 00:06:29.874,8.881,8.874,1800,900
24.06.2024 00:07:00.153,8.88,8.874,1800,3319.9999
24.06.2024 00:07:03.765,8.881,8.874,900,900
24.06.2024 00:07:03.866,8.881,8.875,1800,5400.0001
24.06.2024 00:07:18.819,8.882000000000001,8.875,900,900
24.06.2024 00:07:47.520,8.881,8.875,1800,5400.0001
24.06.2024 00:08:15.077,8.882000000000001,8.875,900,900
24.06.2024 00:09:11.401,8.883,8.875,1800,900
24.06.2024 00:09:12.153,8.881,8.876000000000001,900,900
24.06.2024 00:09:12.354,8.882000000000001,8.876000000000001,1800,900
24.06.2024 00:09:16.421,8.881,8.876000000000001,900,900
24.06.2024 00:09:17.473,8.883,8.875,1800,900
24.06.2024 00:09:17.725,8.882000000000001,8.875,900,900
24.06.2024 00:10:01.937,8.882000000000001,8.876000000000001,1800,900
24.06.2024 00:10:02.038,8.881,8.876000000000001,900,900
24.06.2024 00:10:14.381,8.881,8.875,900,900
24.06.2024 00:10:27.833,8.882000000000001,8.876000000000001,1800,900
24.06.2024 00:10:40.474,8.882000000000001,8.875,900,900
24.06.2024 00:10:41.678,8.882000000000001,8.876000000000001,1800,900
24.06.2024 00:10:41.779,8.882000000000001,8.875,1800,3319.9999
24.06.2024 00:10:43.542,8.882000000000001,8.874,900,3319.9999
24.06.2024 00:10:52.216,8.883,8.874,1800,3319.9999
24.06.2024 00:10:56.981,8.881,8.875,900,3319.9999
24.06.2024 00:10:57.484,8.882000000000001,8.875,1800,3319.9999
24.06.2024 00:11:43.950,8.883,8.875,900,900
24.06.2024 00:12:01.265,8.884,8.876000000000001,900,900
24.06.2024 00:12:22.966,8.884,8.877,900,4500
24.06.2024 00:12:28.481,8.884,8.876000000000001,900,5400.0001
24.06.2024 00:12:37.107,8.883,8.876000000000001,900,4500
24.06.2024 00:13:00.990,8.883,8.877,900,4500
24.06.2024 00:13:01.091,8.883,8.876000000000001,900,4500
24.06.2024 00:13:04.504,8.883,8.878,900,4500
24.06.2024 00:13:38.026,8.884,8.876000000000001,900,5400.0001
24.06.2024 00:14:05.912,8.883,8.878,900,4500
24.06.2024 00:14:06.717,8.884,8.878,900,5400.0001
24.06.2024 00:14:25.235,8.884,8.877,5400.0001,6300.0002
24.06.2024 00:14:36.880,8.884,8.876000000000001,900,5400.0001
24.06.2024 00:15:07.946,8.884,8.878,5400.0001,900
24.06.2024 00:16:01.069,8.884,8.876000000000001,900,5400.0001
24.06.2024 00:16:33.588,8.884,8.878,1800,900
24.06.2024 00:16:47.850,8.885,8.876000000000001,1800,5400.0001
24.06.2024 00:17:01.096,8.884,8.876000000000001,900,5400.0001
24.06.2024 00:18:33.284,8.882000000000001,8.877,900,3940.0001
24.06.2024 00:18:40.608,8.884,8.876000000000001,1800,3940.0001
24.06.2024 00:19:15.302,8.882000000000001,8.877,900,900
24.06.2024 00:19:16.259,8.884,8.876000000000001,1800,900
24.06.2024 00:19:16.860,8.882000000000001,8.877,900,900
24.06.2024 00:19:17.061,8.884,8.876000000000001,1800,900
24.06.2024 00:19:19.618,8.882000000000001,8.877,900,3940.0001
24.06.2024 00:20:31.279,8.882000000000001,8.876000000000001,900,900
24.06.2024 00:21:32.417,8.882000000000001,8.877,900,900
24.06.2024 00:21:58.024,8.884,8.876000000000001,1800,3940.0001
24.06.2024 00:22:03.339,8.884,8.877,900,900
24.06.2024 00:22:03.440,8.885,8.877,1800,900
24.06.2024 00:22:09.260,8.884,8.877,900,900
24.06.2024 00:22:14.226,8.884,8.878,1800,900
24.06.2024 00:22:14.328,8.884,8.877,900,900
24.06.2024 00:22:18.895,8.883,8.877,1800,3940.0001
24.06.2024 00:22:19.147,8.882000000000001,8.877,900,3940.0001
24.06.2024 00:22:20.709,8.884,8.876000000000001,1800,900
24.06.2024 00:22:21.611,8.883,8.876000000000001,900,900
24.06.2024 00:22:26.172,8.883,8.875,1800,3940.0001
24.06.2024 00:22:29.839,8.884,8.876000000000001,1800,900
24.06.2024 00:22:50.917,8.884,8.877,900,900
24.06.2024 00:22:51.923,8.885,8.877,1800,900
24.06.2024 00:22:52.777,8.884,8.877,900,900
24.06.2024 00:24:01.015,8.884,8.878,1800,900
24.06.2024 00:24:06.225,8.883,8.878,900,900
24.06.2024 00:24:08.982,8.885,8.877,1800,900
24.06.2024 00:24:09.887,8.884,8.877,900,900
24.06.2024 00:24:11.392,8.884,8.878,1800,900
24.06.2024 00:24:11.493,8.884,8.877,900,900
24.06.2024 00:24:38.566,8.884,8.878,1800,900
24.06.2024 00:24:40.572,8.884,8.877,900,900
24.06.2024 00:24:49.171,8.885,8.877,1800,900
24.06.2024 00:24:51.678,8.884,8.877,900,900
24.06.2024 00:24:52.631,8.885,8.877,1800,900
24.06.2024 00:24:54.838,8.884,8.877,900,900
24.06.2024 00:24:58.049,8.884,8.878,1800,900
24.06.2024 00:24:58.703,8.883,8.878,900,900
24.06.2024 00:25:00.860,8.885,8.877,1800,900
24.06.2024 00:25:02.165,8.884,8.877,900,900
24.06.2024 00:25:06.680,8.885,8.877,1800,3940.0001
24.06.2024 00:25:26.193,8.884,8.877,900,3940.0001
24.06.2024 00:25:32.010,8.885,8.877,1800,3940.0001
24.06.2024 00:26:12.085,8.884,8.877,900,900
24.06.2024 00:26:12.186,8.884,8.878,1800,900
24.06.2024 00:26:12.437,8.883,8.878,900,900
24.06.2024 00:26:15.299,8.884,8.878,1800,900
24.06.2024 00:26:18.309,8.884,8.877,900,900
24.06.2024 00:26:25.588,8.883,8.877,900,3940.0001
24.06.2024 00:26:55.531,8.883,8.876000000000001,900,3940.0001
24.06.2024 00:26:55.985,8.883,8.877,1800,900
24.06.2024 00:26:56.187,8.883,8.876000000000001,900,900
24.06.2024 00:26:59.301,8.883,8.877,1800,900
24.06.2024 00:26:59.452,8.882000000000001,8.877,900,900
24.06.2024 00:26:59.604,8.884,8.876000000000001,1800,900
24.06.2024 00:26:59.805,8.883,8.876000000000001,900,900
24.06.2024 00:27:01.261,8.883,8.877,1800,900
24.06.2024 00:27:01.362,8.882000000000001,8.877,900,900
24.06.2024 00:27:04.979,8.883,8.875,900,3940.0001
24.06.2024 00:27:17.663,8.883,8.876000000000001,900,900
24.06.2024 00:29:43.121,8.884,8.876000000000001,1800,900
24.06.2024 00:29:43.673,8.883,8.876000000000001,900,900
24.06.2024 00:29:56.316,8.883,8.875,1800,900
24.06.2024 00:29:59.578,8.883,8.876000000000001,900,900
24.06.2024 00:30:09.157,8.883,8.877,1800,3940.0001
24.06.2024 00:31:17.743,8.884,8.877,900,900
24.06.2024 00:31:17.950,8.884,8.878,1800,900
24.06.2024 00:31:18.506,8.884,8.877,900,900
24.06.2024 00:31:22.670,8.885,8.877,1800,900
24.06.2024 00:32:09.573,8.883,8.878,900,900
24.06.2024 00:32:29.740,8.884,8.876000000000001,1800,3940.0001
24.06.2024 00:32:29.841,8.882000000000001,8.877,900,3940.0001
24.06.2024 00:32:33.907,8.883,8.877,1800,5400.0001
24.06.2024 00:34:27.535,8.883,8.876000000000001,900,1450
24.06.2024 00:35:08.630,8.883,8.875,1800,1450
24.06.2024 00:35:19.821,8.882000000000001,8.877,1800,550
24.06.2024 00:35:38.693,8.882000000000001,8.876000000000001,900,1450
24.06.2024 00:35:59.839,8.883,8.876000000000001,900,550
24.06.2024 00:36:02.350,8.883,8.877,2700,1450
24.06.2024 00:37:04.965,8.883,8.878,900,900
24.06.2024 00:37:37.378,8.884,8.878,900,2280
24.06.2024 00:37:38.132,8.885,8.879,2700,900
24.06.2024 00:37:38.234,8.891,8.882000000000001,7199.9998,900
24.06.2024 00:37:38.486,8.89,8.884,900,900
24.06.2024 00:37:38.587,8.89,8.883,900,3180.0001
24.06.2024 00:40:21.607,8.89,8.882000000000001,900,1800
24.06.2024 00:40:25.724,8.89,8.883,900,6300.0002
24.06.2024 00:40:29.387,8.89,8.882000000000001,900,900
24.06.2024 00:41:23.707,8.889,8.881,900,7199.9998
24.06.2024 00:42:14.731,8.888,8.881,900,7199.9998
24.06.2024 00:42:38.575,8.888,8.88,900,4500
24.06.2024 00:44:27.800,8.889,8.88,900,2700
24.06.2024 00:44:33.326,8.888,8.882000000000001,900,900
24.06.2024 00:44:39.504,8.888,8.88,900,7199.9998
24.06.2024 00:46:06.974,8.888,8.879,900,7199.9998
24.06.2024 00:46:33.600,8.887,8.881,900,900
24.06.2024 00:46:59.224,8.887,8.879,900,7199.9998
24.06.2024 00:47:05.349,8.887,8.88,900,900
24.06.2024 00:47:35.729,8.887,8.879,900,7199.9998
24.06.2024 00:47:37.786,8.887,8.88,900,900
24.06.2024 00:47:42.804,8.886000000000001,8.88,900,7199.9998
24.06.2024 00:47:47.393,8.887,8.881,900,1800
24.06.2024 00:48:02.393,8.887,8.879,900,7199.9998
24.06.2024 00:48:23.658,8.885,8.88,900,900
24.06.2024 00:48:31.800,8.885,8.879,900,5400.0001
24.06.2024 00:50:00.065,8.884,8.878,900,6300.0002
24.06.2024 00:50:06.341,8.884,8.877,900,7199.9998
24.06.2024 00:50:06.479,8.883,8.877,900,1800
24.06.2024 00:50:12.058,8.885,8.877,900,900
24.06.2024 00:50:13.915,8.884,8.876000000000001,900,5400.0001
24.06.2024 00:50:15.525,8.885,8.877,900,900
24.06.2024 00:50:20.696,8.884,8.876000000000001,900,5400.0001
24.06.2024 00:50:45.095,8.885,8.877,900,900
24.06.2024 00:51:10.330,8.884,8.876000000000001,900,5400.0001
24.06.2024 00:51:23.219,8.883,8.875,900,6300.0002
24.06.2024 00:52:09.789,8.883,8.877,900,900
24.06.2024 00:52:15.119,8.884,8.878,900,900
24.06.2024 00:52:20.995,8.886000000000001,8.878,900,900
24.06.2024 00:52:22.002,8.884,8.878,900,5400.0001
24.06.2024 00:52:54.394,8.883,8.877,900,900
24.06.2024 00:52:57.159,8.884,8.878,900,900
24.06.2024 00:53:18.983,8.883,8.877,900,2700
24.06.2024 00:53:45.792,8.882000000000001,8.876000000000001,900,5400.0001
24.06.2024 00:53:55.978,8.883,8.877,900,900
24.06.2024 00:54:29.537,8.884,8.878,900,900
24.06.2024 00:55:00.051,8.886000000000001,8.878,900,900
24.06.2024 00:55:00.152,8.884,8.878,900,5400.0001
24.06.2024 00:55:03.019,8.886000000000001,8.875,1800,7199.9998
24.06.2024 00:55:03.120,8.885,8.875,900,2700
24.06.2024 00:55:06.889,8.884,8.877,900,900
24.06.2024 00:55:07.816,8.884,8.876000000000001,900,2700
24.06.2024 00:55:08.269,8.885,8.876000000000001,900,2700
24.06.2024 00:55:08.421,8.885,8.877,900,900
24.06.2024 00:55:08.824,8.885,8.876000000000001,900,4540
24.06.2024 00:55:08.925,8.886000000000001,8.876000000000001,900,900
24.06.2024 00:55:09.377,8.885,8.876000000000001,900,4540
24.06.2024 00:55:09.628,8.885,8.877,900,900
24.06.2024 00:55:09.980,8.886000000000001,8.875,900,4540
24.06.2024 00:55:10.081,8.885,8.877,900,900
24.06.2024 00:55:10.182,8.886000000000001,8.875,900,4540
24.06.2024 00:55:10.233,8.884,8.878,900,900
24.06.2024 00:56:05.153,8.886000000000001,8.878,900,900
24.06.2024 00:56:17.505,8.885,8.877,900,2700
24.06.2024 00:56:24.262,8.883,8.877,900,3599.9999
24.06.2024 00:56:25.468,8.885,8.877,900,900
24.06.2024 00:56:30.790,8.883,8.877,900,3599.9999
24.06.2024 00:56:37.618,8.884,8.878,900,900
24.06.2024 00:56:39.828,8.883,8.877,900,6300.0002
24.06.2024 00:56:44.550,8.885,8.877,900,900
24.06.2024 00:56:52.080,8.884,8.876000000000001,900,2700
24.06.2024 00:57:18.454,8.884,8.878,900,900
24.06.2024 00:59:48.097,8.884,8.876000000000001,900,5400.0001
24.06.2024 00:59:59.183,8.882000000000001,8.876000000000001,900,5400.0001
24.06.2024 01:00:07.976,8.881,8.875,900,2700
24.06.2024 01:00:08.329,8.882000000000001,8.876000000000001,900,900
24.06.2024 01:00:23.081,8.882000000000001,8.874,900,5400.0001
24.06.2024 01:00:36.936,8.88,8.874,900,5400.0001
24.06.2024 01:00:42.210,8.879,8.873,900,11699.9998
24.06.2024 01:01:16.616,8.881,8.873,900,900
24.06.2024 01:03:05.080,8.88,8.872,900,2700
24.06.2024 01:03:51.458,8.879,8.872,900,2700
24.06.2024 01:03:53.316,8.879,8.873,900,900
24.06.2024 01:04:38.020,8.88,8.874,900,900
24.06.2024 01:04:40.378,8.879,8.873,900,2700
24.06.2024 01:07:23.770,8.879,8.871,900,900
24.06.2024 01:07:34.511,8.879,8.873,900,900
24.06.2024 01:08:12.887,8.881,8.873,900,900
24.06.2024 01:10:00.845,8.881,8.875,900,900
24.06.2024 01:10:01.651,8.882000000000001,8.876000000000001,900,900
24.06.2024 01:10:01.904,8.881,8.875,900,6300.0002
24.06.2024 01:10:02.005,8.878,8.872,900,4500
24.06.2024 01:10:02.056,8.879,8.870000000000001,1800,2700
24.06.2024 01:10:02.157,8.878,8.872,900,900
24.06.2024 01:10:02.664,8.878,8.871,900,6300.0002
24.06.2024 01:10:02.765,8.877,8.871,900,900
24.06.2024 01:10:03.369,8.877,8.870000000000001,900,2700
24.06.2024 01:10:03.571,8.877,8.869,900,2700
24.06.2024 01:10:03.672,8.877,8.868,900,5400.0001
24.06.2024 01:10:03.874,8.877,8.869,900,900
24.06.2024 01:10:04.781,8.876000000000001,8.869,900,5400.0001
24.06.2024 01:10:07.245,8.876000000000001,8.870000000000001,900,900
24.06.2024 01:11:11.009,8.879,8.869,4500,1800
24.06.2024 01:11:15.576,8.876000000000001,8.870000000000001,900,2700
24.06.2024 01:11:42.104,8.875,8.869,900,2700
24.06.2024 01:11:53.943,8.874,8.869,900,1800
24.06.2024 01:11:54.044,8.875,8.867,900,900
24.06.2024 01:11:54.696,8.875,8.866,900,900
24.06.2024 01:11:55.400,8.873,8.867,900,900
24.06.2024 01:11:57.509,8.873,8.866,900,2700
24.06.2024 01:12:02.380,8.875,8.867,2700,900
24.06.2024 01:12:22.648,8.875,8.869,900,900
24.06.2024 01:12:25.964,8.876000000000001,8.867,900,4500
24.06.2024 01:12:44.730,8.874,8.868,900,5400.0001
24.06.2024 01:12:54.369,8.874,8.866,900,900
24.06.2024 01:13:39.798,8.872,8.866,900,5400.0001
24.06.2024 01:13:49.814,8.873,8.864,900,2700
24.06.2024 01:13:59.104,8.871,8.865,900,2700
24.06.2024 01:14:00.160,8.872,8.863,900,2700
24.06.2024 01:14:00.462,8.871,8.865,900,900
24.06.2024 01:14:01.215,8.872,8.863,900,5400.0001
24.06.2024 01:14:10.007,8.870000000000001,8.864,900,5400.0001
24.06.2024 01:14:11.569,8.869,8.863,900,5400.0001
24.06.2024 01:14:11.972,8.870000000000001,8.864,900,900
24.06.2024 01:14:12.676,8.869,8.863,900,4500
24.06.2024 01:14:14.234,8.871,8.863,900,900
24.06.2024 01:14:25.187,8.869,8.863,900,5400.0001
24.06.2024 01:14:25.791,8.869,8.862,900,900
24.06.2024 01:14:27.665,8.870000000000001,8.862,900,900
24.06.2024 01:14:40.512,8.870000000000001,8.861,900,1050
24.06.2024 01:14:50.549,8.870000000000001,8.862,900,900
24.06.2024 01:14:54.462,8.871,8.862,900,900
24.06.2024 01:15:04.602,8.870000000000001,8.862,900,900
24.06.2024 01:15:09.974,8.870000000000001,8.861,900,900
24.06.2024 01:15:10.127,8.869,8.861,900,900
24.06.2024 01:15:10.379,8.869,8.86,900,1050
24.06.2024 01:15:10.531,8.869,8.861,900,900
24.06.2024 01:15:16.057,8.868,8.861,900,1050
24.06.2024 01:15:20.191,8.868,8.862,900,900
24.06.2024 01:15:30.087,8.868,8.86,900,920
24.06.2024 01:15:30.188,8.864,8.858,900,5400.0001
24.06.2024 01:15:30.541,8.864,8.859,900,900
24.06.2024 01:15:30.642,8.865,8.857000000000001,900,4500
24.06.2024 01:15:31.144,8.863,8.857000000000001,900,5400.0001
24.06.2024 01:15:31.748,8.863,8.858,900,900
24.06.2024 01:15:32.671,8.865,8.857000000000001,900,900
24.06.2024 01:15:38.049,8.864,8.856,900,2700
24.06.2024 01:15:51.755,8.864,8.857000000000001,900,900
24.06.2024 01:16:00.351,8.864,8.856,900,2700
24.06.2024 01:16:05.721,8.865,8.857000000000001,2700,900
24.06.2024 01:16:26.357,8.863,8.857000000000001,900,5400.0001
24.06.2024 01:16:26.961,8.865,8.857000000000001,900,900
24.06.2024 01:16:29.218,8.863,8.857000000000001,900,2700
24.06.2024 01:16:46.636,8.862,8.856,900,2700
24.06.2024 01:16:57.283,8.864,8.856,2700,900
24.06.2024 01:17:01.400,8.862,8.856,900,2700
24.06.2024 01:17:01.601,8.863,8.856,900,2700
24.06.2024 01:17:04.866,8.864,8.856,900,900
24.06.2024 01:17:09.784,8.864,8.857000000000001,2700,900
24.06.2024 01:17:20.482,8.864,8.856,900,2700
24.06.2024 01:17:23.548,8.864,8.855,900,2700
24.06.2024 01:17:29.000,8.862,8.856,900,2700
24.06.2024 01:17:32.720,8.864,8.855,900,2700
24.06.2024 01:17:33.724,8.863,8.857000000000001,900,900
24.06.2024 01:18:10.521,8.863,8.856,900,2700
24.06.2024 01:18:15.190,8.864,8.856,900,900
24.06.2024 01:18:16.395,8.864,8.855,900,2700
24.06.2024 01:18:21.644,8.864,8.856,900,900
24.06.2024 01:18:26.176,8.864,8.857000000000001,900,2700
24.06.2024 01:18:29.140,8.865,8.857000000000001,900,900
24.06.2024 01:18:44.364,8.865,8.858,900,2700
24.06.2024 01:18:49.737,8.865,8.857000000000001,900,2700
24.06.2024 01:18:59.378,8.866,8.857000000000001,2700,900
24.06.2024 01:19:07.409,8.865,8.859,900,900
24.06.2024 01:19:49.148,8.866,8.86,900,900
24.06.2024 01:20:08.930,8.865,8.859,900,2700
24.06.2024 01:21:13.217,8.864,8.858,900,2700
24.06.2024 01:21:50.565,8.866,8.858,900,900
24.06.2024 01:22:20.573,8.866,8.86,2700,900
24.06.2024 01:22:28.253,8.866,8.858,900,900
24.06.2024 01:22:50.642,8.865,8.86,900,900
24.06.2024 01:22:58.313,8.866,8.858,900,2700
24.06.2024 01:23:14.149,8.865,8.857000000000001,900,2700
24.06.2024 01:23:17.713,8.866,8.858,900,900
24.06.2024 01:23:53.897,8.866,8.86,2700,900
24.06.2024 01:23:56.410,8.865,8.859,900,940
24.06.2024 01:24:09.204,8.866,8.86,900,900
24.06.2024 01:24:27.335,8.865,8.859,900,2700
24.06.2024 01:24:41.787,8.866,8.86,2700,900
24.06.2024 01:25:35.048,8.866,8.858,900,2700
24.06.2024 01:25:50.300,8.867,8.859,2700,900
24.06.2024 01:26:43.825,8.868,8.86,900,900
24.06.2024 01:27:54.391,8.869,8.861,900,900
24.06.2024 01:27:54.492,8.869,8.862,900,900
24.06.2024 01:27:54.894,8.869,8.863,900,2700
24.06.2024 01:27:59.811,8.869,8.864,900,900
24.06.2024 01:28:03.625,8.871,8.863,900,900
24.06.2024 01:28:45.686,8.870000000000001,8.862,900,2700
24.06.2024 01:29:21.208,8.868,8.863,900,2700
24.06.2024 01:29:25.273,8.869,8.861,900,5400.0001
24.06.2024 01:30:19.430,8.870000000000001,8.862,1800,900
24.06.2024 01:30:26.602,8.869,8.861,900,4500
24.06.2024 01:31:13.934,8.869,8.863,900,900
24.06.2024 01:31:51.737,8.869,8.862,900,900
24.06.2024 01:32:05.787,8.870000000000001,8.862,900,900
24.06.2024 01:32:09.610,8.868,8.863,900,900
24.06.2024 01:32:23.211,8.869,8.861,900,900
24.06.2024 01:33:04.117,8.869,8.863,2700,900
24.06.2024 01:33:25.929,8.868,8.862,900,2700
24.06.2024 01:35:05.710,8.868,8.863,900,900
24.06.2024 01:35:26.073,8.869,8.863,900,900
24.06.2024 01:35:49.680,8.868,8.862,900,5400.0001
24.06.2024 01:35:51.386,8.868,8.86,900,4500
24.06.2024 01:36:12.965,8.867,8.859,900,5400.0001
24.06.2024 01:37:46.098,8.866,8.861,900,900
24.06.2024 01:37:46.199,8.867,8.861,1800,900
24.06.2024 01:38:33.151,8.868,8.861,900,900
24.06.2024 01:38:38.723,8.867,8.861,900,2700
24.06.2024 01:39:17.652,8.867,8.859,900,5400.0001
24.06.2024 01:39:35.707,8.866,8.858,900,4500
24.06.2024 01:40:02.614,8.865,8.857000000000001,900,1270
24.06.2024 01:40:19.228,8.865,8.858,900,900
24.06.2024 01:40:20.337,8.864,8.858,900,2700
24.06.2024 01:40:21.494,8.865,8.858,900,900
24.06.2024 01:40:22.096,8.864,8.858,900,5400.0001
24.06.2024 01:40:24.306,8.865,8.859,5400.0001,900
24.06.2024 01:40:43.177,8.864,8.859,900,900
24.06.2024 01:40:56.386,8.864,8.858,900,2700
24.06.2024 01:41:27.072,8.864,8.859,900,900
24.06.2024 01:42:03.155,8.864,8.858,900,5400.0001
24.06.2024 01:43:56.614,8.866,8.858,900,900
24.06.2024 01:44:03.788,8.867,8.859,900,900
24.06.2024 01:44:14.778,8.865,8.859,900,2700
24.06.2024 01:44:30.100,8.866,8.86,900,900
24.06.2024 01:44:31.005,8.867,8.861,900,900
24.06.2024 01:44:50.070,8.867,8.859,900,2700
24.06.2024 01:45:00.177,8.868,8.86,5400.0001,900
24.06.2024 01:45:01.083,8.867,8.862,900,900
24.06.2024 01:45:01.936,8.867,8.861,900,2700
24.06.2024 01:45:03.993,8.867,8.862,900,900
24.06.2024 01:45:07.906,8.868,8.86,900,2700
24.06.2024 01:45:13.629,8.868,8.861,900,900
24.06.2024 01:45:14.181,8.869,8.861,900,900
24.06.2024 01:45:30.615,8.869,8.862,2700,900
24.06.2024 01:45:35.830,8.869,8.863,900,900
24.06.2024 01:45:39.945,8.868,8.862,900,2700
24.06.2024 01:45:50.329,8.868,8.863,900,900
24.06.2024 01:45:58.862,8.868,8.862,900,2700
24.06.2024 01:46:43.623,8.868,8.86,900,2700
24.06.2024 01:47:21.067,8.867,8.86,900,900
24.06.2024 01:47:31.154,8.866,8.86,900,2700
24.06.2024 01:48:12.735,8.866,8.858,900,2700
24.06.2024 01:48:43.382,8.867,8.859,900,900
24.06.2024 01:51:52.972,8.867,8.861,2700,900
24.06.2024 01:52:07.393,8.866,8.86,900,5400.0001
24.06.2024 01:53:03.078,8.865,8.86,900,900
24.06.2024 01:53:04.636,8.865,8.859,900,4500
24.06.2024 01:54:10.370,8.866,8.859,900,900
24.06.2024 01:54:59.233,8.865,8.859,900,5400.0001
24.06.2024 01:55:58.940,8.865,8.86,900,900
24.06.2024 01:56:10.559,8.866,8.86,900,5400.0001
24.06.2024 01:57:00.298,8.865,8.86,900,900
24.06.2024 01:57:04.664,8.867,8.859,5400.0001,900
24.06.2024 01:57:04.816,8.867,8.86,900,900
24.06.2024 01:57:13.501,8.867,8.859,900,5400.0001
24.06.2024 01:57:25.272,8.867,8.86,900,900
24.06.2024 01:57:30.245,8.868,8.86,900,5400.0001
24.06.2024 01:57:40.025,8.867,8.862,900,900
24.06.2024 01:58:14.838,8.869,8.861,5400.0001,900
24.06.2024 01:59:01.699,8.867,8.862,900,5400.0001
24.06.2024 01:59:09.274,8.868,8.862,5400.0001,900
24.06.2024 01:59:27.261,8.867,8.862,900,900
24.06.2024 01:59:28.117,8.867,8.86,900,5400.0001
24.06.2024 01:59:45.941,8.868,8.86,900,5400.0001
24.06.2024 02:00:09.329,8.867,8.86,900,900
24.06.2024 02:00:10.534,8.868,8.86,5400.0001,900
24.06.2024 02:00:22.829,8.867,8.862,900,900
24.06.2024 02:00:43.784,8.867,8.861,900,2700
24.06.2024 02:01:22.662,8.867,8.86,900,900
24.06.2024 02:01:23.666,8.866,8.86,900,2700
24.06.2024 02:01:45.428,8.867,8.86,900,900
24.06.2024 02:02:01.890,8.868,8.86,900,900
24.06.2024 02:02:10.577,8.869,8.861,900,900
24.06.2024 02:02:17.005,8.868,8.86,900,5400.0001
24.06.2024 02:04:13.873,8.868,8.861,900,900
24.06.2024 02:04:14.426,8.868,8.86,900,2700
24.06.2024 02:05:00.600,8.867,8.86,900,900
24.06.2024 02:05:30.910,8.867,8.861,900,2700
24.06.2024 02:07:00.806,8.866,8.86,900,2700
24.06.2024 02:10:39.933,8.866,8.859,900,2700
24.06.2024 02:10:42.190,8.865,8.859,900,2700
24.06.2024 02:10:59.292,8.865,8.857000000000001,900,2700
24.06.2024 02:11:12.622,8.864,8.856,900,2700
24.06.2024 02:12:37.351,8.864,8.857000000000001,5400.0001,900
24.06.2024 02:12:56.771,8.864,8.858,900,900
24.06.2024 02:13:37.173,8.865,8.858,900,5400.0001
24.06.2024 02:14:14.462,8.866,8.858,2700,900
24.06.2024 02:16:20.792,8.866,8.859,900,900
24.06.2024 02:16:24.167,8.866,8.86,900,2700
24.06.2024 02:17:20.532,8.867,8.858,900,2700
24.06.2024 02:17:38.085,8.867,8.859,900,900
24.06.2024 02:19:22.469,8.867,8.86,900,900
24.06.2024 02:19:32.907,8.867,8.859,900,2700
24.06.2024 02:19:50.511,8.866,8.861,900,900
24.06.2024 02:20:00.801,8.866,8.86,900,2700
24.06.2024 02:20:28.487,8.866,8.861,900,900
24.06.2024 02:20:35.659,8.868,8.859,900,900
24.06.2024 02:21:01.466,8.866,8.86,900,900
24.06.2024 02:21:18.215,8.867,8.858,900,1450
24.06.2024 02:21:21.978,8.866,8.859,900,900
24.06.2024 02:22:00.814,8.866,8.858,900,2349.9999
24.06.2024 02:22:56.763,8.867,8.859,900,900
24.06.2024 02:23:04.987,8.866,8.858,900,2349.9999
24.06.2024 02:23:41.261,8.867,8.859,900,900
24.06.2024 02:23:53.296,8.868,8.86,2700,900
24.06.2024 02:23:58.662,8.866,8.861,900,900
24.06.2024 02:24:07.241,8.866,8.86,900,2700
24.06.2024 02:24:45.754,8.866,8.858,900,4500
24.06.2024 02:25:27.292,8.867,8.859,2700,900
24.06.2024 02:25:34.976,8.866,8.858,900,2700
24.06.2024 02:25:44.308,8.866,8.86,2700,900
24.06.2024 02:25:44.810,8.865,8.859,900,5400.0001
24.06.2024 02:25:55.280,8.866,8.86,2700,900
24.06.2024 02:26:18.103,8.866,8.861,900,900
24.06.2024 02:26:50.130,8.867,8.861,900,5400.0001
24.06.2024 02:27:03.118,8.866,8.861,900,900
24.06.2024 02:27:05.377,8.868,8.86,5400.0001,900
24.06.2024 02:27:05.930,8.866,8.861,900,900
24.06.2024 02:28:00.436,8.868,8.86,5400.0001,900
24.06.2024 02:28:07.210,8.867,8.86,900,2700
24.06.2024 02:28:23.371,8.866,8.86,900,2700
24.06.2024 02:29:00.051,8.867,8.86,900,900
24.06.2024 02:29:52.859,8.866,8.86,900,2700
24.06.2024 02:36:33.942,8.866,8.858,900,2700
24.06.2024 02:37:16.024,8.865,8.857000000000001,900,5400.0001
24.06.2024 02:38:21.021,8.866,8.857000000000001,1800,1800
24.06.2024 02:38:30.848,8.864,8.858,900,2700
24.06.2024 02:39:02.485,8.863,8.857000000000001,900,2700
24.06.2024 02:40:18.916,8.863,8.855,900,1750
24.06.2024 02:40:34.923,8.864,8.856,2700,900
24.06.2024 02:43:42.058,8.863,8.858,900,900
24.06.2024 02:43:43.061,8.865,8.858,1270,900
24.06.2024 02:43:47.127,8.865,8.857000000000001,900,900
24.06.2024 02:43:53.345,8.865,8.856,900,900
24.06.2024 02:43:54.550,8.865,8.857000000000001,900,900
24.06.2024 02:44:06.289,8.864,8.857000000000001,900,900
24.06.2024 02:46:18.188,8.865,8.857000000000001,900,900
24.06.2024 02:47:39.294,8.864,8.857000000000001,900,900
24.06.2024 02:52:54.219,8.865,8.857000000000001,900,900
24.06.2024 02:52:54.571,8.865,8.858,1270,900
24.06.2024 02:53:14.979,8.867,8.858,1270,900
24.06.2024 02:53:29.713,8.867,8.86,1270,900
24.06.2024 02:53:32.019,8.867,8.858,900,900
24.06.2024 02:53:39.494,8.867,8.86,1270,900
24.06.2024 02:53:52.744,8.866,8.86,900,900
24.06.2024 02:54:13.572,8.864,8.856,3970,5400.0001
24.06.2024 02:54:13.673,8.86,8.854,3970,12149.9996
24.06.2024 02:54:13.774,8.86,8.853,6300.0002,12149.9996
24.06.2024 02:54:13.926,8.858,8.853,900,3980
24.06.2024 02:54:35.806,8.859,8.854,6300.0002,900
24.06.2024 02:55:08.232,8.86,8.852,6300.0002,5400.0001
24.06.2024 02:55:52.429,8.858,8.853,900,5400.0001
24.06.2024 02:56:15.250,8.858,8.852,900,3980
24.06.2024 02:57:03.581,8.858,8.853,900,900
24.06.2024 02:57:17.002,8.859,8.851,900,2700
24.06.2024 02:57:51.207,8.858,8.853,900,900
24.06.2024 02:58:55.945,8.86,8.852,900,5400.0001
24.06.2024 02:59:04.953,8.856,8.851,900,1800
24.06.2024 02:59:05.055,8.855,8.849,900,3599.9999
24.06.2024 02:59:05.507,8.855,8.847999999999999,900,2700
24.06.2024 02:59:06.010,8.854,8.847999999999999,900,2700
24.06.2024 02:59:26.627,8.856,8.847000000000001,5400.0001,2700
24.06.2024 03:00:00.055,8.855,8.847000000000001,900,5400.0001
24.06.2024 03:00:15.750,8.854,8.849,900,900
24.06.2024 03:00:51.726,8.854,8.847999999999999,900,1800
24.06.2024 03:01:03.680,8.854,8.849,900,900
24.06.2024 03:01:05.990,8.855,8.847000000000001,900,1800
24.06.2024 03:01:07.045,8.854,8.849,900,900
24.06.2024 03:01:10.407,8.854,8.847999999999999,900,1800
24.06.2024 03:01:21.089,8.854,8.849,900,900
24.06.2024 03:01:21.341,8.854,8.847999999999999,900,1800
24.06.2024 03:01:25.404,8.855,8.847999999999999,900,900
24.06.2024 03:01:35.088,8.854,8.85,900,900
24.06.2024 03:01:36.453,8.855,8.85,900,900
24.06.2024 03:02:01.346,8.856,8.85,900,900
24.06.2024 03:02:01.698,8.856,8.849,900,900
24.06.2024 03:02:01.799,8.857000000000001,8.85,2700,900
24.06.2024 03:02:07.672,8.858,8.85,900,1800
24.06.2024 03:02:10.935,8.857000000000001,8.852,900,900
24.06.2024 03:02:17.106,8.857000000000001,8.851,900,1800
24.06.2024 03:02:25.412,8.859,8.851,2700,900
24.06.2024 03:02:30.078,8.859,8.852,900,900
24.06.2024 03:02:30.481,8.859,8.851,900,900
24.06.2024 03:03:32.538,8.859,8.852,900,900
24.06.2024 03:03:38.104,8.859,8.853,900,1800
24.06.2024 03:04:00.453,8.859,8.852,900,900
24.06.2024 03:04:35.096,8.859,8.851,900,900
24.06.2024 03:05:31.405,8.859,8.852,900,900
24.06.2024 03:06:48.678,8.858,8.851,900,5400.0001
24.06.2024 03:06:50.384,8.857000000000001,8.851,900,5400.0001
24.06.2024 03:06:50.486,8.856,8.851,900,900
24.06.2024 03:06:50.939,8.856,8.849,900,900
24.06.2024 03:06:51.041,8.854,8.849,900,900
24.06.2024 03:06:51.648,8.855,8.85,900,5400.0001
24.06.2024 03:07:31.079,8.856,8.851,5400.0001,900
24.06.2024 03:07:53.923,8.856,8.85,5400.0001,5400.0001
24.06.2024 03:08:11.781,8.855,8.85,900,900
24.06.2024 03:09:30.673,8.856,8.85,4500,900
24.06.2024 03:11:15.977,8.856,8.849,900,900
24.06.2024 03:13:23.663,8.856,8.85,6300.0002,900
24.06.2024 03:14:34.638,8.855,8.85,900,900
24.06.2024 03:15:21.463,8.857000000000001,8.849,5400.0001,900
24.06.2024 03:15:21.964,8.857000000000001,8.85,5400.0001,900
24.06.2024 03:15:22.618,8.858,8.85,5400.0001,900
24.06.2024 03:16:09.814,8.857000000000001,8.85,900,900
24.06.2024 03:16:20.750,8.858,8.85,5400.0001,900
24.06.2024 03:16:41.376,8.857000000000001,8.852,900,900
24.06.2024 03:17:58.961,8.858,8.852,5400.0001,900
24.06.2024 03:18:49.145,8.858,8.851,900,900
24.06.2024 03:18:56.622,8.859,8.851,7199.9998,900
24.06.2024 03:19:15.086,8.858,8.851,900,900
24.06.2024 03:19:25.493,8.858,8.85,5400.0001,900
24.06.2024 03:19:58.553,8.858,8.851,900,900
24.06.2024 03:20:04.901,8.858,8.85,900,900
24.06.2024 03:20:17.741,8.86,8.853,1800,900
24.06.2024 03:20:18.243,8.86,8.852,6300.0002,900
24.06.2024 03:20:43.986,8.86,8.851,5400.0001,900
24.06.2024 03:20:45.140,8.86,8.852,5400.0001,900
24.06.2024 03:20:47.255,8.859,8.851,900,900
24.06.2024 03:21:54.830,8.86,8.851,5400.0001,900
24.06.2024 03:22:53.968,8.86,8.852,5400.0001,900
24.06.2024 03:25:08.633,8.858,8.852,900,900
24.06.2024 03:25:28.903,8.858,8.85,900,900
24.06.2024 03:25:48.606,8.856,8.85,900,900
24.06.2024 03:26:00.434,8.857000000000001,8.85,2700,900
24.06.2024 03:26:01.589,8.856,8.85,900,900
24.06.2024 03:26:12.530,8.856,8.849,2700,900
24.06.2024 03:26:23.470,8.855,8.849,900,900
24.06.2024 03:26:47.746,8.856,8.847000000000001,2700,900
24.06.2024 03:26:54.623,8.855,8.847000000000001,900,900
24.06.2024 03:27:14.552,8.854,8.847000000000001,2700,900
24.06.2024 03:27:27.393,8.853,8.847999999999999,900,900
24.06.2024 03:27:27.495,8.854,8.847999999999999,900,900
24.06.2024 03:27:27.796,8.854,8.849,900,900
24.06.2024 03:28:18.553,8.856,8.847999999999999,5400.0001,900
24.06.2024 03:28:29.339,8.855,8.85,900,900
24.06.2024 03:28:47.151,8.857000000000001,8.849,5400.0001,900
24.06.2024 03:29:15.572,8.856,8.851,900,900
24.06.2024 03:30:15.185,8.857000000000001,8.851,2700,900
24.06.2024 03:30:39.732,8.858,8.852,5400.0001,900
24.06.2024 03:30:39.833,8.861,8.853,6300.0002,900
24.06.2024 03:30:39.985,8.861,8.855,900,900
24.06.2024 03:30:42.649,8.862,8.855,5400.0001,900
24.06.2024 03:31:23.644,8.862,8.854,900,900
24.06.2024 03:35:47.741,8.861,8.856,900,900
24.06.2024 03:36:37.112,8.861,8.855,900,900
24.06.2024 03:39:58.363,8.861,8.856,900,900
24.06.2024 03:40:41.768,8.865,8.857000000000001,5400.0001,900
24.06.2024 03:40:41.869,8.865,8.859,2700,900
24.06.2024 03:40:42.524,8.865,8.86,900,900
24.06.2024 03:40:42.575,8.867,8.861,7650.0001,900
24.06.2024 03:40:42.827,8.869,8.861,2700,900
24.06.2024 03:40:43.380,8.868,8.863,900,900
24.06.2024 03:40:43.632,8.869,8.863,2700,900
24.06.2024 03:40:48.203,8.870000000000001,8.864,2700,900
24.06.2024 03:40:48.857,8.872,8.867,900,900
24.06.2024 03:40:48.958,8.874,8.866,900,900
24.06.2024 03:40:49.561,8.873,8.866,900,900
24.06.2024 03:40:49.662,8.870000000000001,8.864,900,900
24.06.2024 03:40:50.419,8.871,8.862,2700,900
24.06.2024 03:41:00.356,8.870000000000001,8.864,900,900
24.06.2024 03:41:02.162,8.871,8.862,900,900
24.06.2024 03:41:07.482,8.871,8.863,900,900
24.06.2024 03:42:00.533,8.872,8.863,5400.0001,900
24.06.2024 03:42:06.855,8.870000000000001,8.864,900,900
24.06.2024 03:42:26.080,8.871,8.862,900,900
24.06.2024 03:43:53.744,8.870000000000001,8.862,900,900
24.06.2024 03:44:05.433,8.868,8.863,900,900
24.06.2024 03:44:12.808,8.866,8.861,900,900
24.06.2024 03:44:12.910,8.865,8.86,900,5400.0001
24.06.2024 03:44:13.312,8.865,8.858,900,2700
24.06.2024 03:44:17.652,8.866,8.858,900,900
24.06.2024 03:44:28.087,8.864,8.859,900,900
24.06.2024 03:44:40.929,8.864,8.858,900,7199.9998
24.06.2024 03:44:41.934,8.864,8.859,900,900
24.06.2024 03:44:42.285,8.865,8.857000000000001,900,7199.9998
24.06.2024 03:44:46.503,8.865,8.859,900,2700
24.06.2024 03:44:53.378,8.865,8.86,900,900
24.06.2024 03:45:40.230,8.865,8.858,900,2700
24.06.2024 03:47:33.287,8.864,8.86,900,900
24.06.2024 03:47:55.271,8.864,8.859,900,1800
24.06.2024 03:48:23.913,8.864,8.86,900,900
24.06.2024 03:48:55.624,8.864,8.859,900,1800
24.06.2024 03:50:03.177,8.865,8.859,900,900
24.06.2024 03:50:04.130,8.864,8.859,900,1800
24.06.2024 03:50:05.081,8.864,8.86,900,900
24.06.2024 03:50:59.327,8.866,8.859,900,900
24.06.2024 03:51:05.143,8.866,8.858,900,5400.0001
24.06.2024 03:51:09.607,8.866,8.859,900,900
24.06.2024 03:52:10.808,8.867,8.859,900,1800
24.06.2024 03:52:18.133,8.867,8.86,900,900
24.06.2024 03:52:19.088,8.866,8.86,900,1800
24.06.2024 03:55:49.222,8.865,8.86,900,900
24.06.2024 03:58:28.051,8.866,8.86,900,6300.0002
24.06.2024 03:59:35.319,8.867,8.861,5400.0001,900
24.06.2024 03:59:42.793,8.868,8.861,1800,900
24.06.2024 04:00:30.515,8.868,8.86,900,900
24.06.2024 04:02:00.277,8.869,8.86,4500,1800
24.06.2024 04:02:18.718,8.869,8.861,900,900
24.06.2024 04:02:18.971,8.869,8.86,900,1800
24.06.2024 04:05:27.288,8.868,8.862,900,900
24.06.2024 04:05:41.138,8.868,8.86,900,900
24.06.2024 04:05:41.239,8.867,8.86,3599.9999,900
24.06.2024 04:05:41.692,8.866,8.859,900,900
24.06.2024 04:05:41.894,8.865,8.859,900,900
24.06.2024 04:05:42.749,8.865,8.858,900,900
24.06.2024 04:05:50.526,8.867,8.858,6300.0002,900
24.06.2024 04:06:07.186,8.866,8.857000000000001,900,900
24.06.2024 04:06:36.733,8.865,8.857000000000001,2700,900
24.06.2024 04:07:52.214,8.864,8.857000000000001,900,900
24.06.2024 04:11:05.577,8.864,8.858,900,900
24.06.2024 04:11:15.704,8.865,8.858,5400.0001,900
24.06.2024 04:11:30.515,8.865,8.857000000000001,900,900
24.06.2024 04:11:38.086,8.866,8.857000000000001,900,900
24.06.2024 04:12:10.532,8.864,8.858,900,900
24.06.2024 04:12:40.540,8.866,8.857000000000001,2700,900
24.06.2024 04:15:15.629,8.865,8.857000000000001,900,900
24.06.2024 04:15:17.385,8.866,8.857000000000001,900,900
24.06.2024 04:15:46.244,8.866,8.859,900,900
24.06.2024 04:16:18.502,8.866,8.857000000000001,900,900
24.06.2024 04:17:55.768,8.867,8.858,900,900
24.06.2024 04:18:16.487,8.866,8.857000000000001,900,900
24.06.2024 04:18:29.384,8.867,8.858,900,900
24.06.2024 04:19:21.723,8.867,8.86,900,900
24.06.2024 04:19:33.314,8.867,8.858,900,900
24.06.2024 04:19:46.864,8.867,8.86,900,900
24.06.2024 04:20:40.322,8.868,8.861,900,900
24.06.2024 04:20:43.989,8.868,8.86,900,900
24.06.2024 04:20:50.211,8.868,8.859,900,900
24.06.2024 04:21:08.491,8.866,8.859,900,900
24.06.2024 04:21:33.567,8.867,8.86,900,900
24.06.2024 04:23:19.357,8.867,8.859,900,900
24.06.2024 04:23:40.259,8.866,8.858,900,900
24.06.2024 04:23:40.360,8.866,8.857000000000001,900,6300.0002
24.06.2024 04:23:40.512,8.865,8.857000000000001,900,900
24.06.2024 04:23:45.080,8.864,8.857000000000001,900,900
24.06.2024 04:23:52.935,8.864,8.856,900,6300.0002
24.06.2024 04:24:04.222,8.864,8.857000000000001,900,900
24.06.2024 04:25:48.794,8.865,8.857000000000001,5400.0001,900
24.06.2024 04:25:51.455,8.863,8.858,900,5400.0001
24.06.2024 04:26:01.494,8.863,8.857000000000001,900,4500
24.06.2024 04:26:01.595,8.859,8.854,900,5400.0001
24.06.2024 04:27:09.779,8.858,8.853,900,5400.0001
24.06.2024 04:27:24.972,8.86,8.852,900,5400.0001
24.06.2024 04:27:29.285,8.859,8.852,900,900
24.06.2024 04:28:02.860,8.859,8.854,4500,900
24.06.2024 04:28:02.961,8.861,8.854,900,900
24.06.2024 04:28:03.414,8.86,8.852,900,900
24.06.2024 04:28:03.717,8.858,8.853,900,900
24.06.2024 04:28:19.473,8.859,8.851,900,5400.0001
24.06.2024 04:28:31.070,8.859,8.852,900,900
24.06.2024 04:30:33.166,8.858,8.852,900,2700
24.06.2024 04:30:33.669,8.859,8.853,4500,900
24.06.2024 04:31:16.037,8.859,8.851,900,900
24.06.2024 04:31:33.689,8.858,8.85,900,5400.0001
24.06.2024 04:31:40.459,8.857000000000001,8.852,900,900
24.06.2024 04:31:41.814,8.859,8.85,900,1800
24.06.2024 04:31:50.655,8.857000000000001,8.85,900,6300.0002
24.06.2024 04:31:50.806,8.857000000000001,8.851,900,900
24.06.2024 04:32:01.043,8.857000000000001,8.85,900,900
24.06.2024 04:32:06.513,8.858,8.85,900,1800
24.06.2024 04:32:12.383,8.858,8.851,900,900
24.06.2024 04:32:12.887,8.857000000000001,8.851,900,6300.0002
24.06.2024 04:32:13.640,8.857000000000001,8.852,900,900
24.06.2024 04:32:15.799,8.858,8.85,900,6300.0002
24.06.2024 04:32:15.900,8.857000000000001,8.852,900,900
24.06.2024 04:32:59.691,8.858,8.853,900,900
24.06.2024 04:33:06.718,8.857000000000001,8.852,900,1800
24.06.2024 04:33:07.170,8.859,8.851,5400.0001,900
24.06.2024 04:34:12.590,8.859,8.852,900,900
24.06.2024 04:35:13.381,8.86,8.853,2700,900
24.06.2024 04:35:25.317,8.858,8.853,900,900
24.06.2024 04:35:35.355,8.86,8.853,5400.0001,900
24.06.2024 04:35:38.719,8.86,8.852,900,1800
24.06.2024 04:35:39.824,8.859,8.852,900,900
24.06.2024 04:36:28.353,8.859,8.853,900,1800
24.06.2024 04:36:41.342,8.858,8.853,900,900
24.06.2024 04:38:44.931,8.859,8.851,900,6300.0002
24.06.2024 04:38:51.351,8.857000000000001,8.852,900,900
24.06.2024 04:39:03.751,8.858,8.852,900,1800
24.06.2024 04:39:11.446,8.858,8.851,900,900
24.06.2024 04:39:22.032,8.858,8.852,900,900
24.06.2024 04:39:22.936,8.858,8.851,900,1800
24.06.2024 04:39:25.444,8.857000000000001,8.853,900,900
24.06.2024 04:39:26.548,8.858,8.853,5400.0001,900
24.06.2024 04:39:51.882,8.859,8.851,900,1800
24.06.2024 04:39:52.283,8.858,8.851,900,900
24.06.2024 04:40:12.957,8.859,8.851,900,1800
24.06.2024 04:40:37.626,8.857000000000001,8.852,900,900
24.06.2024 04:40:38.378,8.861,8.853,5400.0001,1800
24.06.2024 04:40:38.479,8.862,8.855,5400.0001,900
24.06.2024 04:40:38.580,8.862,8.856,5400.0001,900
24.06.2024 04:40:39.335,8.861,8.856,900,900
24.06.2024 04:40:39.436,8.862,8.856,5400.0001,900
24.06.2024 04:40:39.939,8.862,8.855,5400.0001,900
24.06.2024 04:40:40.291,8.861,8.855,900,900
24.06.2024 04:40:41.295,8.862,8.853,5400.0001,900
24.06.2024 04:40:41.514,8.862,8.854,5400.0001,900
24.06.2024 04:40:41.668,8.862,8.853,5400.0001,900
24.06.2024 04:40:42.220,8.861,8.854,900,900
24.06.2024 04:40:42.422,8.861,8.853,900,900
24.06.2024 04:40:42.624,8.862,8.854,5400.0001,900
24.06.2024 04:40:43.482,8.862,8.853,900,900
24.06.2024 04:40:43.733,8.861,8.855,900,900
24.06.2024 04:40:44.838,8.862,8.853,900,900
24.06.2024 04:40:45.040,8.86,8.854,900,900
24.06.2024 04:40:45.594,8.861,8.854,5400.0001,900
24.06.2024 04:40:46.498,8.861,8.853,900,900
24.06.2024 04:40:48.659,8.859,8.854,900,900
24.06.2024 04:40:49.212,8.861,8.853,5400.0001,900
24.06.2024 04:40:49.715,8.86,8.853,5400.0001,900
24.06.2024 04:40:50.622,8.861,8.853,900,900
24.06.2024 04:40:50.974,8.862,8.853,2700,900
24.06.2024 04:40:51.125,8.861,8.853,900,900
24.06.2024 04:40:52.887,8.861,8.854,5400.0001,900
24.06.2024 04:40:53.340,8.862,8.852,900,5400.0001
24.06.2024 04:40:53.542,8.86,8.854,900,900
24.06.2024 04:40:53.693,8.861,8.852,900,900
24.06.2024 04:40:54.597,8.862,8.853,900,900
24.06.2024 04:40:55.906,8.861,8.855,900,900
24.06.2024 04:40:56.309,8.861,8.854,2700,900
24.06.2024 04:40:57.370,8.86,8.854,5400.0001,900
24.06.2024 04:40:57.973,8.86,8.853,900,900
24.06.2024 04:40:58.274,8.861,8.853,5400.0001,900
24.06.2024 04:41:00.287,8.86,8.853,900,900
24.06.2024 04:41:03.803,8.86,8.852,5400.0001,900
24.06.2024 04:41:04.757,8.861,8.852,2700,900
24.06.2024 04:41:04.858,8.861,8.853,1800,900
24.06.2024 04:41:05.209,8.862,8.853,900,900
24.06.2024 04:41:05.360,8.861,8.852,900,900
24.06.2024 04:41:05.813,8.859,8.854,900,900
24.06.2024 04:41:05.915,8.861,8.852,5400.0001,900
24.06.2024 04:41:07.323,8.862,8.852,5400.0001,900
24.06.2024 04:41:09.886,8.861,8.854,900,900
24.06.2024 04:41:09.987,8.862,8.854,13050.0002,900
24.06.2024 04:41:10.239,8.861,8.854,900,900
24.06.2024 04:41:10.541,8.862,8.854,900,900
24.06.2024 04:41:10.692,8.862,8.853,900,900
24.06.2024 04:41:11.898,8.862,8.855,6300.0002,900
24.06.2024 04:41:13.956,8.863,8.853,6300.0002,900
24.06.2024 04:41:15.644,8.862,8.853,900,900
24.06.2024 04:41:15.896,8.86,8.854,900,900
24.06.2024 04:41:16.499,8.86,8.852,900,900
24.06.2024 04:41:20.719,8.861,8.853,5400.0001,900
24.06.2024 04:41:20.870,8.861,8.854,5400.0001,900
24.06.2024 04:41:22.478,8.861,8.855,900,900
24.06.2024 04:41:22.879,8.862,8.854,3599.9999,900
24.06.2024 04:41:25.188,8.862,8.854,2700,900
24.06.2024 04:41:25.892,8.861,8.853,900,900
24.06.2024 04:41:26.696,8.859,8.854,900,900
24.06.2024 04:41:26.847,8.861,8.853,5400.0001,900
24.06.2024 04:41:26.998,8.859,8.854,900,900
24.06.2024 04:41:27.200,8.861,8.853,5400.0001,900
24.06.2024 04:41:27.301,8.86,8.853,900,900
24.06.2024 04:41:27.552,8.861,8.853,5400.0001,900
24.06.2024 04:41:27.653,8.862,8.853,900,900
24.06.2024 04:41:28.758,8.861,8.853,900,900
24.06.2024 04:41:29.161,8.862,8.854,5400.0001,900
24.06.2024 04:41:31.071,8.862,8.855,5400.0001,900
24.06.2024 04:41:31.725,8.861,8.854,900,900
24.06.2024 04:41:32.378,8.861,8.855,900,900
24.06.2024 04:41:32.580,8.861,8.854,900,900
24.06.2024 04:41:34.036,8.862,8.854,2700,900
24.06.2024 04:41:34.589,8.861,8.854,900,900
24.06.2024 04:41:35.645,8.863,8.853,6300.0002,900
24.06.2024 04:41:36.652,8.864,8.857000000000001,5400.0001,900
24.06.2024 04:41:36.804,8.864,8.854,900,900
24.06.2024 04:41:36.905,8.865,8.856,900,900
24.06.2024 04:41:37.056,8.865,8.855,5400.0001,900
24.06.2024 04:41:37.408,8.863,8.857000000000001,900,900
24.06.2024 04:41:37.559,8.864,8.855,900,900
24.06.2024 04:41:38.964,8.864,8.856,5400.0001,900
24.06.2024 04:41:39.165,8.865,8.856,5400.0001,900
24.06.2024 04:41:39.669,8.864,8.857000000000001,900,900
24.06.2024 04:41:39.820,8.864,8.856,900,900
24.06.2024 04:41:40.374,8.864,8.857000000000001,5400.0001,900
24.06.2024 04:41:40.575,8.864,8.858,900,900
24.06.2024 04:41:40.776,8.865,8.858,5400.0001,900
24.06.2024 04:41:40.928,8.865,8.857000000000001,900,900
24.06.2024 04:41:41.180,8.864,8.856,900,900
24.06.2024 04:41:41.331,8.864,8.857000000000001,900,900
24.06.2024 04:41:41.432,8.864,8.858,5400.0001,900
24.06.2024 04:41:41.583,8.866,8.857000000000001,2700,900
24.06.2024 04:42:01.719,8.867,8.858,5400.0001,900
24.06.2024 04:42:09.954,8.865,8.859,900,900
24.06.2024 04:42:12.366,8.865,8.858,900,900
24.06.2024 04:42:13.170,8.865,8.857000000000001,900,900
24.06.2024 04:42:14.477,8.866,8.857000000000001,5400.0001,900
24.06.2024 04:42:16.888,8.865,8.857000000000001,900,900
24.06.2024 04:42:21.755,8.864,8.859,900,900
24.06.2024 04:42:22.006,8.866,8.858,5400.0001,900
24.06.2024 04:42:22.610,8.866,8.857000000000001,900,900
24.06.2024 04:42:23.413,8.865,8.859,5400.0001,900
24.06.2024 04:42:24.017,8.866,8.857000000000001,900,900
24.06.2024 04:42:24.269,8.865,8.857000000000001,900,900
24.06.2024 04:42:24.721,8.866,8.857000000000001,5400.0001,900
24.06.2024 04:42:25.073,8.866,8.858,2700,900
24.06.2024 04:42:25.375,8.866,8.857000000000001,900,900
24.06.2024 04:42:25.627,8.864,8.858,900,900
24.06.2024 04:42:25.778,8.866,8.857000000000001,900,900
24.06.2024 04:42:26.079,8.865,8.859,900,900
24.06.2024 04:42:26.683,8.865,8.857000000000001,900,900
24.06.2024 04:42:27.294,8.865,8.859,2700,900
24.06.2024 04:42:27.796,8.865,8.858,5400.0001,900
24.06.2024 04:42:30.260,8.865,8.858,900,900
24.06.2024 04:42:30.461,8.865,8.858,5400.0001,900
24.06.2024 04:42:32.771,8.865,8.859,5400.0001,900
24.06.2024 04:42:33.123,8.866,8.857000000000001,5400.0001,900
24.06.2024 04:42:33.776,8.865,8.858,900,900
24.06.2024 04:42:34.228,8.865,8.857000000000001,900,900
24.06.2024 04:42:39.601,8.866,8.857000000000001,900,900
24.06.2024 04:42:39.702,8.864,8.859,900,900
24.06.2024 04:42:40.205,8.865,8.859,5400.0001,900
24.06.2024 04:42:43.321,8.865,8.858,900,900
24.06.2024 04:42:44.225,8.865,8.857000000000001,900,900
24.06.2024 04:42:44.578,8.866,8.857000000000001,5400.0001,900
24.06.2024 04:42:44.879,8.865,8.859,900,900
24.06.2024 04:42:50.608,8.866,8.859,5400.0001,900
24.06.2024 04:42:51.463,8.865,8.859,900,900
24.06.2024 04:42:52.267,8.866,8.859,5400.0001,900
24.06.2024 04:42:52.870,8.865,8.859,900,900
24.06.2024 04:42:54.276,8.866,8.859,5400.0001,900
24.06.2024 04:42:54.377,8.866,8.858,900,900
24.06.2024 04:42:54.629,8.867,8.858,2700,900
24.06.2024 04:42:54.780,8.866,8.86,5400.0001,900
24.06.2024 04:42:55.182,8.867,8.858,5400.0001,900
24.06.2024 04:42:59.304,8.865,8.858,900,900
24.06.2024 04:43:02.617,8.864,8.858,900,900
24.06.2024 04:43:07.008,8.866,8.858,2700,900
24.06.2024 04:43:07.462,8.866,8.859,900,900
24.06.2024 04:43:14.944,8.866,8.86,5400.0001,900
24.06.2024 04:43:17.953,8.865,8.86,900,900
24.06.2024 04:43:20.061,8.865,8.859,900,900
24.06.2024 04:43:20.915,8.866,8.859,900,900
24.06.2024 04:43:24.377,8.866,8.858,900,900
24.06.2024 04:43:27.086,8.865,8.86,900,900
24.06.2024 04:43:37.125,8.865,8.859,5400.0001,900
24.06.2024 04:43:39.083,8.866,8.859,900,900
24.06.2024 04:43:47.514,8.864,8.859,900,900
24.06.2024 04:43:47.615,8.865,8.857000000000001,5400.0001,900
24.06.2024 04:43:48.319,8.864,8.857000000000001,900,900
24.06.2024 04:43:49.904,8.864,8.856,5400.0001,900
24.06.2024 04:43:52.364,8.862,8.856,900,900
24.06.2024 04:43:53.318,8.864,8.855,2700,900
24.06.2024 04:43:53.619,8.864,8.856,5400.0001,900
24.06.2024 04:43:59.091,8.863,8.856,900,900
24.06.2024 04:44:07.669,8.863,8.857000000000001,5400.0001,900
24.06.2024 04:44:50.573,8.863,8.855,900,900
24.06.2024 04:45:57.951,8.863,8.857000000000001,5400.0001,900
24.06.2024 04:46:04.980,8.862,8.856,900,900
24.06.2024 04:47:20.730,8.863,8.857000000000001,5400.0001,900
24.06.2024 04:49:34.737,8.865,8.857000000000001,5400.0001,900
24.06.2024 04:50:33.023,8.864,8.856,900,900
24.06.2024 04:52:46.259,8.865,8.857000000000001,5400.0001,900
24.06.2024 04:53:12.355,8.863,8.857000000000001,900,900
24.06.2024 04:53:24.048,8.864,8.858,5400.0001,900
24.06.2024 04:53:51.975,8.864,8.856,900,900
24.06.2024 04:54:25.616,8.862,8.857000000000001,900,900
24.06.2024 04:54:36.742,8.864,8.856,5400.0001,900
24.06.2024 04:54:50.781,8.862,8.857000000000001,900,900
24.06.2024 04:55:10.087,8.864,8.856,5400.0001,900
24.06.2024 04:55:24.791,8.863,8.855,2700,900
24.06.2024 04:55:30.559,8.862,8.857000000000001,2700,900
24.06.2024 04:56:57.459,8.864,8.856,2700,900
24.06.2024 04:57:10.391,8.863,8.856,900,900
24.06.2024 04:57:18.720,8.862,8.856,900,4500
24.06.2024 04:58:12.722,8.862,8.857000000000001,900,900
24.06.2024 04:58:20.594,8.863,8.857000000000001,5400.0001,900
24.06.2024 05:00:00.025,8.862,8.857000000000001,900,900
24.06.2024 05:00:00.177,8.863,8.857000000000001,5400.0001,900
24.06.2024 05:00:00.332,8.862,8.859,5400.0001,900
24.06.2024 05:00:04.758,8.864,8.858,2700,900
24.06.2024 05:00:32.521,8.864,8.859,5400.0001,900
24.06.2024 05:00:38.995,8.865,8.859,900,900
24.06.2024 05:01:04.470,8.866,8.859,2700,900
24.06.2024 05:01:04.571,8.866,8.861,2700,900
24.06.2024 05:01:04.672,8.867,8.861,900,900
24.06.2024 05:01:04.773,8.868,8.861,5400.0001,900
24.06.2024 05:01:04.874,8.867,8.863,900,900
24.06.2024 05:01:05.077,8.868,8.863,5400.0001,900
24.06.2024 05:01:11.903,8.867,8.863,900,900
24.06.2024 05:01:12.053,8.869,8.862,2700,900
24.06.2024 05:01:14.415,8.869,8.863,2700,900
24.06.2024 05:01:15.221,8.867,8.863,900,900
24.06.2024 05:01:15.473,8.869,8.863,2700,900
24.06.2024 05:01:15.624,8.867,8.863,900,900
24.06.2024 05:01:15.825,8.869,8.863,5400.0001,900
24.06.2024 05:01:19.390,8.868,8.863,5400.0001,900
24.06.2024 05:01:23.204,8.869,8.863,5400.0001,900
24.06.2024 05:03:13.049,8.868,8.862,900,900
24.06.2024 05:03:32.016,8.868,8.864,5400.0001,900
24.06.2024 05:04:00.086,8.867,8.863,900,900
24.06.2024 05:04:08.116,8.868,8.864,4500,900
24.06.2024 05:04:17.498,8.867,8.863,900,900
24.06.2024 05:05:19.440,8.867,8.861,900,900
24.06.2024 05:05:22.401,8.868,8.862,2700,900
24.06.2024 05:08:54.418,8.869,8.863,4500,900
24.06.2024 05:09:04.698,8.869,8.864,900,900
24.06.2024 05:09:13.637,8.869,8.863,900,900
24.06.2024 05:10:31.271,8.870000000000001,8.866,5400.0001,900
24.06.2024 05:10:31.373,8.872,8.868,900,900
24.06.2024 05:10:31.474,8.874,8.866,6750,4500
24.06.2024 05:10:31.576,8.874,8.870000000000001,2700,900
24.06.2024 05:10:32.582,8.876000000000001,8.872,900,900
24.06.2024 05:10:32.683,8.875,8.872,900,900
24.06.2024 05:10:33.034,8.876000000000001,8.872,2700,900
24.06.2024 05:10:33.235,8.875,8.871,900,900
24.06.2024 05:10:35.193,8.874,8.871,900,900
24.06.2024 05:10:35.344,8.875,8.869,900,900
24.06.2024 05:11:06.909,8.876000000000001,8.869,5400.0001,900
24.06.2024 05:11:07.160,8.876000000000001,8.870000000000001,2700,900
24.06.2024 05:11:07.412,8.874,8.870000000000001,900,900
24.06.2024 05:11:07.563,8.875,8.871,2700,900
24.06.2024 05:11:08.065,8.875,8.869,900,900
24.06.2024 05:11:42.232,8.874,8.869,5400.0001,900
24.06.2024 05:11:42.785,8.875,8.869,5400.0001,900
24.06.2024 05:11:59.456,8.876000000000001,8.869,5400.0001,900
24.06.2024 05:11:59.557,8.875,8.869,900,900
24.06.2024 05:12:00.562,8.873,8.869,900,900
24.06.2024 05:12:03.376,8.875,8.868,5400.0001,900
24.06.2024 05:12:03.527,8.875,8.869,900,900
24.06.2024 05:12:18.542,8.873,8.869,900,900
24.06.2024 05:12:19.095,8.872,8.868,900,900
24.06.2024 05:12:19.196,8.872,8.867,900,900
24.06.2024 05:12:19.297,8.871,8.867,900,900
24.06.2024 05:13:40.423,8.870000000000001,8.867,900,900
24.06.2024 05:13:40.524,8.870000000000001,8.866,900,900
24.06.2024 05:13:51.619,8.871,8.867,5400.0001,900
24.06.2024 05:14:19.469,8.871,8.866,900,900
24.06.2024 05:14:19.570,8.871,8.865,900,900
24.06.2024 05:14:20.275,8.870000000000001,8.864,900,900
24.06.2024 05:14:24.089,8.871,8.865,5400.0001,900
24.06.2024 05:14:35.180,8.870000000000001,8.864,900,900
24.06.2024 05:14:39.945,8.869,8.866,900,900
24.06.2024 05:14:40.197,8.870000000000001,8.864,900,900
24.06.2024 05:14:41.001,8.870000000000001,8.863,5400.0001,900
24.06.2024 05:14:41.102,8.868,8.864,900,900
24.06.2024 05:14:42.659,8.870000000000001,8.863,2700,900
24.06.2024 05:14:43.061,8.868,8.864,900,900
24.06.2024 05:14:43.464,8.870000000000001,8.863,2700,900
24.06.2024 05:14:44.017,8.869,8.865,5400.0001,900
24.06.2024 05:14:51.293,8.869,8.863,900,900
24.06.2024 05:14:57.816,8.869,8.865,5400.0001,900
24.06.2024 05:14:58.319,8.870000000000001,8.863,5400.0001,900
24.06.2024 05:15:00.075,8.869,8.865,900,900
24.06.2024 05:15:27.273,8.869,8.864,900,900
24.06.2024 05:15:27.374,8.870000000000001,8.864,5400.0001,900
24.06.2024 05:15:30.485,8.869,8.864,5400.0001,900
24.06.2024 05:15:30.736,8.869,8.865,5400.0001,900
24.06.2024 05:15:30.838,8.869,8.864,5400.0001,900
24.06.2024 05:15:32.243,8.869,8.863,900,900
24.06.2024 05:15:33.548,8.869,8.862,900,900
24.06.2024 05:15:33.649,8.869,8.863,900,900
24.06.2024 05:15:34.503,8.870000000000001,8.863,5400.0001,900
24.06.2024 05:15:35.708,8.870000000000001,8.864,900,900
24.06.2024 05:15:36.261,8.870000000000001,8.863,900,900
24.06.2024 05:15:36.813,8.869,8.865,900,900
24.06.2024 05:15:37.115,8.869,8.864,5400.0001,900
24.06.2024 05:15:38.070,8.868,8.864,900,900
24.06.2024 05:15:45.702,8.869,8.864,2700,900
24.06.2024 05:15:46.457,8.870000000000001,8.864,900,900
24.06.2024 05:15:46.708,8.870000000000001,8.863,5400.0001,900
24.06.2024 05:15:46.809,8.870000000000001,8.864,900,900
24.06.2024 05:15:47.813,8.870000000000001,8.863,900,900
24.06.2024 05:15:48.014,8.870000000000001,8.864,900,900
24.06.2024 05:15:49.523,8.870000000000001,8.863,900,900
24.06.2024 05:15:50.276,8.869,8.863,900,900
24.06.2024 05:15:57.703,8.869,8.864,2700,900
24.06.2024 05:15:58.157,8.868,8.865,900,900
24.06.2024 05:15:58.258,8.869,8.864,2700,900
24.06.2024 05:15:58.610,8.868,8.864,900,900
24.06.2024 05:16:01.323,8.869,8.864,2700,900
24.06.2024 05:16:01.575,8.869,8.864,900,900
24.06.2024 05:16:02.478,8.868,8.864,900,900
24.06.2024 05:16:02.629,8.869,8.864,900,900
24.06.2024 05:16:07.595,8.869,8.863,900,900
24.06.2024 05:16:24.267,8.869,8.863,900,900
24.06.2024 05:16:25.472,8.868,8.863,900,900
24.06.2024 05:17:01.162,8.869,8.863,5400.0001,900
24.06.2024 05:17:01.814,8.868,8.863,900,900
24.06.2024 05:17:39.447,8.869,8.863,900,900
24.06.2024 05:17:39.698,8.870000000000001,8.864,5400.0001,900
24.06.2024 05:17:40.552,8.869,8.864,5400.0001,900
24.06.2024 05:17:53.240,8.869,8.863,900,900
24.06.2024 05:17:54.845,8.869,8.864,900,900
24.06.2024 05:18:00.511,8.868,8.864,900,900
24.06.2024 05:18:45.228,8.869,8.865,5400.0001,900
24.06.2024 05:20:42.735,8.872,8.866,5400.0001,900
24.06.2024 05:20:42.837,8.872,8.868,5400.0001,900
24.06.2024 05:20:44.993,8.874,8.867,5400.0001,900
24.06.2024 05:20:45.395,8.873,8.869,900,900
24.06.2024 05:20:45.846,8.874,8.869,5400.0001,900
24.06.2024 05:20:45.947,8.875,8.869,5400.0001,900
24.06.2024 05:20:47.405,8.874,8.869,900,900
24.06.2024 05:20:47.506,8.874,8.870000000000001,2700,900
24.06.2024 05:20:47.657,8.875,8.868,2700,900
24.06.2024 05:20:47.758,8.874,8.868,900,900
24.06.2024 05:20:50.621,8.874,8.867,900,900
24.06.2024 05:20:50.722,8.874,8.868,900,900
24.06.2024 05:20:52.156,8.874,8.867,900,900
24.06.2024 05:20:52.257,8.873,8.869,900,900
24.06.2024 05:20:54.168,8.873,8.868,900,900
24.06.2024 05:20:55.072,8.872,8.868,900,900
24.06.2024 05:20:55.677,8.873,8.866,900,900
24.06.2024 05:20:56.582,8.873,8.867,900,900
24.06.2024 05:20:56.733,8.873,8.866,900,900
24.06.2024 05:20:57.187,8.872,8.868,900,900
24.06.2024 05:20:57.438,8.873,8.866,900,900
24.06.2024 05:20:57.690,8.872,8.868,900,900
24.06.2024 05:20:57.791,8.872,8.867,900,900
24.06.2024 05:20:59.498,8.873,8.867,900,900
24.06.2024 05:21:05.068,8.871,8.868,900,900
24.06.2024 05:21:05.219,8.872,8.868,2700,900
24.06.2024 05:21:11.044,8.871,8.868,900,900
24.06.2024 05:21:11.195,8.873,8.866,2700,900
24.06.2024 05:21:11.697,8.871,8.867,900,900
24.06.2024 05:21:12.049,8.871,8.868,900,900
24.06.2024 05:21:12.251,8.873,8.867,2700,900
24.06.2024 05:21:16.064,8.872,8.867,900,900
24.06.2024 05:21:16.316,8.872,8.868,2700,900
24.06.2024 05:21:18.675,8.873,8.866,2700,900
24.06.2024 05:21:19.080,8.871,8.867,900,900
24.06.2024 05:21:19.382,8.872,8.867,2700,900
24.06.2024 05:22:51.955,8.872,8.866,900,900
24.06.2024 05:23:04.297,8.872,8.867,5400.0001,900
24.06.2024 05:23:05.804,8.871,8.867,900,900
24.06.2024 05:23:56.059,8.871,8.868,900,900
24.06.2024 05:23:56.161,8.873,8.867,5400.0001,900
24.06.2024 05:23:58.823,8.872,8.867,5400.0001,900
24.06.2024 05:23:59.326,8.872,8.866,900,900
24.06.2024 05:24:36.547,8.871,8.868,900,900
24.06.2024 05:24:38.104,8.872,8.868,5400.0001,900
24.06.2024 05:24:44.069,8.871,8.868,900,900
24.06.2024 05:24:45.174,8.872,8.868,2700,900
24.06.2024 05:24:50.692,8.872,8.867,900,900
24.06.2024 05:24:53.503,8.872,8.866,900,900
24.06.2024 05:24:58.460,8.871,8.868,900,900
24.06.2024 05:24:58.861,8.873,8.867,2700,900
24.06.2024 05:24:59.012,8.871,8.867,900,900
24.06.2024 05:24:59.465,8.871,8.866,900,900
24.06.2024 05:25:09.203,8.870000000000001,8.866,900,2700
24.06.2024 05:25:36.731,8.869,8.866,900,900
24.06.2024 05:25:47.899,8.870000000000001,8.866,900,5400.0001
24.06.2024 05:25:58.686,8.870000000000001,8.867,900,900
24.06.2024 05:26:09.032,8.872,8.866,900,2700
24.06.2024 05:27:13.645,8.871,8.866,900,5400.0001
24.06.2024 05:30:26.143,8.872,8.867,2700,900
24.06.2024 05:30:26.446,8.870000000000001,8.867,900,5400.0001
24.06.2024 05:32:02.177,8.871,8.868,5400.0001,900
24.06.2024 05:33:10.304,8.872,8.868,5400.0001,2700
24.06.2024 05:33:10.505,8.872,8.869,5400.0001,900
24.06.2024 05:33:20.385,8.872,8.868,5400.0001,5400.0001
24.06.2024 05:33:32.275,8.872,8.869,2700,900
24.06.2024 05:33:35.487,8.872,8.868,2700,5400.0001
24.06.2024 05:33:56.205,8.871,8.868,900,5400.0001
24.06.2024 05:36:11.845,8.873,8.868,5400.0001,900
24.06.2024 05:36:50.554,8.872,8.868,5400.0001,5400.0001
24.06.2024 05:37:01.283,8.873,8.868,5400.0001,900
24.06.2024 05:37:21.813,8.872,8.868,2700,5400.0001
24.06.2024 05:37:30.234,8.872,8.867,900,4500
24.06.2024 05:39:16.094,8.870000000000001,8.867,900,5400.0001
24.06.2024 05:39:37.996,8.870000000000001,8.866,2700,2700
24.06.2024 05:39:38.498,8.871,8.866,5400.0001,900
24.06.2024 05:39:42.010,8.869,8.866,900,2700
24.06.2024 05:39:42.111,8.871,8.866,2700,900
24.06.2024 05:40:06.332,8.871,8.865,2700,5400.0001
24.06.2024 05:40:16.698,8.871,8.866,5400.0001,900
24.06.2024 05:40:17.202,8.872,8.866,5400.0001,900
24.06.2024 05:40:17.704,8.871,8.868,900,900
24.06.2024 05:40:18.459,8.873,8.867,5400.0001,900
24.06.2024 05:40:19.015,8.873,8.869,5400.0001,900
24.06.2024 05:40:19.117,8.874,8.869,900,900
24.06.2024 05:40:19.269,8.875,8.869,5400.0001,900
24.06.2024 05:40:19.520,8.873,8.870000000000001,900,900
24.06.2024 05:40:19.772,8.874,8.870000000000001,900,900
24.06.2024 05:40:21.178,8.873,8.870000000000001,900,900
24.06.2024 05:40:22.938,8.875,8.869,5400.0001,900
24.06.2024 05:40:24.495,8.875,8.870000000000001,5400.0001,900
24.06.2024 05:40:26.555,8.875,8.869,900,900
24.06.2024 05:40:26.857,8.873,8.870000000000001,900,900
24.06.2024 05:40:27.009,8.874,8.868,900,900
24.06.2024 05:40:29.170,8.874,8.870000000000001,2700,900
24.06.2024 05:40:39.814,8.874,8.868,900,900
24.06.2024 05:40:40.618,8.874,8.870000000000001,2700,900
24.06.2024 05:40:44.681,8.874,8.869,900,900
24.06.2024 05:40:45.586,8.875,8.869,2700,900
24.06.2024 05:40:46.388,8.874,8.869,900,900
24.06.2024 05:40:46.790,8.873,8.869,900,900
24.06.2024 05:40:48.801,8.873,8.870000000000001,900,900
24.06.2024 05:40:49.304,8.875,8.869,2700,900
24.06.2024 05:40:51.334,8.874,8.869,900,900
24.06.2024 05:40:51.435,8.875,8.869,2700,900
24.06.2024 05:40:56.256,8.873,8.869,900,900
24.06.2024 05:40:56.408,8.873,8.870000000000001,900,900
24.06.2024 05:40:56.710,8.875,8.869,2700,900
24.06.2024 05:40:56.811,8.874,8.869,900,900
24.06.2024 05:40:57.065,8.873,8.869,900,900
24.06.2024 05:40:58.270,8.873,8.867,900,900
24.06.2024 05:41:01.182,8.872,8.869,900,900
24.06.2024 05:41:01.534,8.872,8.868,900,900
24.06.2024 05:41:01.635,8.873,8.868,900,900
24.06.2024 05:41:02.388,8.873,8.869,5400.0001,900
24.06.2024 05:41:14.030,8.873,8.868,900,900
24.06.2024 05:41:14.383,8.874,8.868,4500,900
24.06.2024 05:41:15.288,8.873,8.870000000000001,900,900
24.06.2024 05:41:15.540,8.874,8.870000000000001,5400.0001,900
24.06.2024 05:41:17.599,8.875,8.871,5400.0001,900
24.06.2024 05:41:23.672,8.875,8.869,900,900
24.06.2024 05:41:40.173,8.873,8.870000000000001,900,900
24.06.2024 05:41:42.783,8.875,8.869,4500,900
24.06.2024 05:41:54.420,8.875,8.871,1800,900
24.06.2024 05:41:54.471,8.876000000000001,8.872,5400.0001,900
24.06.2024 05:41:55.176,8.875,8.872,900,900
24.06.2024 05:41:55.829,8.876000000000001,8.870000000000001,900,900
24.06.2024 05:41:56.233,8.875,8.870000000000001,900,900
24.06.2024 05:41:57.490,8.875,8.871,900,900
24.06.2024 05:42:15.268,8.876000000000001,8.871,900,900
24.06.2024 05:42:15.419,8.877,8.871,900,900
24.06.2024 05:42:15.872,8.877,8.872,900,900
24.06.2024 05:42:15.973,8.877,8.873,2700,900
24.06.2024 05:42:16.526,8.878,8.874,5400.0001,900
24.06.2024 05:42:16.627,8.878,8.873,900,900
24.06.2024 05:42:17.331,8.877,8.873,900,900
24.06.2024 05:42:17.684,8.876000000000001,8.873,900,900
24.06.2024 05:42:17.835,8.877,8.871,900,900
24.06.2024 05:42:17.987,8.875,8.871,900,900
24.06.2024 05:42:18.641,8.876000000000001,8.869,2700,900
24.06.2024 05:42:18.792,8.875,8.869,900,900
24.06.2024 05:42:20.852,8.875,8.870000000000001,5400.0001,900
24.06.2024 05:42:20.953,8.876000000000001,8.870000000000001,900,900
24.06.2024 05:42:21.457,8.876000000000001,8.872,5400.0001,900
24.06.2024 05:42:21.709,8.878,8.871,940,900
24.06.2024 05:42:21.810,8.878,8.872,940,900
24.06.2024 05:42:21.962,8.876000000000001,8.873,900,900
24.06.2024 05:42:22.064,8.877,8.873,5400.0001,900
24.06.2024 05:42:26.332,8.876000000000001,8.872,900,900
24.06.2024 05:42:40.234,8.877,8.873,2700,900
24.06.2024 05:42:40.436,8.876000000000001,8.872,900,900
24.06.2024 05:42:59.217,8.876000000000001,8.871,2700,900
24.06.2024 05:42:59.368,8.875,8.871,900,900
24.06.2024 05:42:59.971,8.874,8.870000000000001,900,900
24.06.2024 05:43:00.826,8.874,8.869,2700,900
24.06.2024 05:43:01.880,8.874,8.870000000000001,900,900
24.06.2024 05:43:03.589,8.875,8.871,2700,900
24.06.2024 05:43:03.791,8.875,8.872,900,900
24.06.2024 05:43:03.892,8.877,8.871,4500,900
24.06.2024 05:43:06.705,8.875,8.872,900,900
24.06.2024 05:43:07.308,8.875,8.871,900,900
24.06.2024 05:43:09.016,8.877,8.871,2700,900
24.06.2024 05:43:14.692,8.876000000000001,8.871,900,900
24.06.2024 05:43:14.793,8.876000000000001,8.870000000000001,900,900
24.06.2024 05:43:15.045,8.876000000000001,8.869,4500,900
24.06.2024 05:43:15.146,8.875,8.869,900,900
24.06.2024 05:43:17.357,8.875,8.871,2700,900
24.06.2024 05:43:19.918,8.877,8.870000000000001,2700,900
24.06.2024 05:43:20.069,8.877,8.871,2700,900
24.06.2024 05:43:29.910,8.875,8.871,900,900
24.06.2024 05:43:30.061,8.877,8.871,2700,900
24.06.2024 05:43:31.632,8.875,8.872,900,900
24.06.2024 05:43:31.884,8.876000000000001,8.870000000000001,900,900
24.06.2024 05:43:32.237,8.874,8.870000000000001,900,900
24.06.2024 05:43:33.641,8.876000000000001,8.870000000000001,2700,900
24.06.2024 05:43:33.742,8.877,8.873,2700,900
24.06.2024 05:43:33.994,8.877,8.872,900,900
24.06.2024 05:43:34.095,8.877,8.871,900,900
24.06.2024 05:43:35.702,8.876000000000001,8.871,2700,900
24.06.2024 05:43:35.803,8.875,8.871,900,900
24.06.2024 05:43:35.955,8.875,8.869,900,900
24.06.2024 05:43:51.732,8.875,8.870000000000001,2700,900
24.06.2024 05:43:52.134,8.875,8.871,2700,900
24.06.2024 05:43:52.940,8.875,8.870000000000001,2700,900
24.06.2024 05:43:55.649,8.874,8.870000000000001,900,900
24.06.2024 05:43:56.704,8.876000000000001,8.870000000000001,2700,900
24.06.2024 05:43:57.207,8.875,8.870000000000001,2700,900
24.06.2024 05:43:57.308,8.875,8.871,2700,900
24.06.2024 05:43:57.609,8.876000000000001,8.869,2700,900
24.06.2024 05:43:58.813,8.875,8.868,2700,900
24.06.2024 05:43:58.914,8.874,8.869,900,900
24.06.2024 05:44:46.268,8.874,8.868,900,900
24.06.2024 05:45:03.156,8.875,8.869,5400.0001,900
24.06.2024 05:45:03.257,8.873,8.870000000000001,900,900
24.06.2024 05:45:09.630,8.874,8.870000000000001,2700,900
24.06.2024 05:45:32.972,8.876000000000001,8.870000000000001,2700,900
24.06.2024 05:45:33.324,8.876000000000001,8.871,2700,900
24.06.2024 05:45:33.425,8.876000000000001,8.872,2700,900
24.06.2024 05:45:33.677,8.874,8.871,900,2700
24.06.2024 05:45:33.979,8.873,8.871,900,900
24.06.2024 05:45:34.080,8.875,8.870000000000001,2700,5400.0001
24.06.2024 05:45:34.181,8.876000000000001,8.870000000000001,5400.0001,5400.0001
24.06.2024 05:45:34.282,8.874,8.871,900,5400.0001
24.06.2024 05:45:34.484,8.873,8.871,900,900
24.06.2024 05:45:34.686,8.874,8.869,900,5400.0001
24.06.2024 05:45:35.604,8.873,8.868,2700,5400.0001
24.06.2024 05:45:39.819,8.874,8.868,2700,900
24.06.2024 05:45:54.978,8.873,8.868,900,900
24.06.2024 05:45:56.082,8.874,8.868,900,900
24.06.2024 05:45:58.089,8.872,8.869,900,900
24.06.2024 05:47:00.625,8.873,8.867,5400.0001,900
24.06.2024 05:47:00.928,8.872,8.867,900,900
24.06.2024 05:47:04.239,8.872,8.866,900,900
24.06.2024 05:47:10.631,8.872,8.867,2700,900
24.06.2024 05:47:13.101,8.872,8.866,2700,900
24.06.2024 05:47:25.546,8.871,8.866,900,900
24.06.2024 05:47:30.513,8.871,8.867,2700,900
24.06.2024 05:47:34.423,8.871,8.866,900,900
24.06.2024 05:47:48.881,8.872,8.866,2700,900
24.06.2024 05:49:00.083,8.872,8.867,900,900
24.06.2024 05:49:01.788,8.872,8.866,2700,900
24.06.2024 05:49:03.043,8.870000000000001,8.867,900,900
24.06.2024 05:49:06.955,8.872,8.866,2700,900
24.06.2024 05:49:20.543,8.870000000000001,8.867,900,900
24.06.2024 05:49:21.246,8.872,8.866,2700,900
24.06.2024 05:50:39.208,8.872,8.867,900,900
24.06.2024 05:50:39.359,8.873,8.867,2700,900
24.06.2024 05:51:12.637,8.871,8.868,900,900
24.06.2024 05:51:47.788,8.872,8.866,900,900
24.06.2024 05:52:17.181,8.870000000000001,8.867,900,900
24.06.2024 05:52:30.529,8.871,8.865,900,900
24.06.2024 05:52:59.334,8.870000000000001,8.867,2700,900
24.06.2024 05:53:07.371,8.871,8.865,900,2700
24.06.2024 05:53:08.425,8.871,8.866,5400.0001,900
24.06.2024 05:53:34.614,8.872,8.866,2700,900
24.06.2024 05:53:37.478,8.871,8.866,900,900
24.06.2024 05:54:01.923,8.872,8.866,2700,900
24.06.2024 05:54:17.656,8.871,8.866,900,900
24.06.2024 05:54:46.710,8.870000000000001,8.865,900,2700
24.06.2024 05:54:46.962,8.870000000000001,8.864,900,900
24.06.2024 05:54:54.790,8.869,8.866,900,900
24.06.2024 05:54:55.192,8.871,8.866,5400.0001,900
24.06.2024 05:55:19.983,8.871,8.865,5400.0001,2700
24.06.2024 05:55:20.386,8.869,8.866,900,900
24.06.2024 05:55:23.701,8.870000000000001,8.864,900,900
24.06.2024 05:55:24.906,8.870000000000001,8.865,900,900
24.06.2024 05:55:47.121,8.869,8.865,5400.0001,900
24.06.2024 05:55:52.641,8.869,8.866,5400.0001,900
24.06.2024 05:56:08.402,8.870000000000001,8.864,900,900
24.06.2024 05:56:08.604,8.869,8.867,4500,900
24.06.2024 05:56:08.705,8.871,8.868,2700,900
24.06.2024 05:56:25.301,8.873,8.868,900,900
24.06.2024 05:56:25.503,8.873,8.869,2700,900
24.06.2024 05:56:25.604,8.874,8.869,2700,900
24.06.2024 05:57:08.474,8.874,8.870000000000001,2700,900
24.06.2024 05:57:08.676,8.874,8.869,900,900
24.06.2024 05:57:08.777,8.874,8.870000000000001,2700,900
24.06.2024 05:57:10.781,8.873,8.870000000000001,900,900
24.06.2024 05:57:12.838,8.874,8.871,2700,900
24.06.2024 05:57:15.150,8.873,8.870000000000001,900,900
24.06.2024 05:57:18.711,8.874,8.870000000000001,2700,900
24.06.2024 05:57:31.377,8.873,8.870000000000001,900,900
24.06.2024 05:57:46.731,8.874,8.868,2700,900
24.06.2024 05:57:46.882,8.873,8.870000000000001,900,900
24.06.2024 05:57:48.839,8.873,8.869,5400.0001,900
24.06.2024 05:57:49.392,8.874,8.869,900,900
24.06.2024 05:57:51.450,8.873,8.869,900,900
24.06.2024 05:58:03.043,8.873,8.870000000000001,900,900
24.06.2024 05:58:03.195,8.875,8.869,5400.0001,900
24.06.2024 05:58:03.899,8.873,8.870000000000001,900,900
24.06.2024 05:58:07.916,8.874,8.868,5400.0001,2700
24.06.2024 05:58:09.122,8.874,8.869,5400.0001,900
24.06.2024 05:58:31.963,8.875,8.869,5400.0001,2700
24.06.2024 05:58:32.114,8.875,8.870000000000001,2700,900
24.06.2024 05:58:32.769,8.875,8.871,5400.0001,2700
24.06.2024 05:58:32.870,8.876000000000001,8.871,2700,900
24.06.2024 05:58:36.589,8.877,8.871,2700,5400.0001
24.06.2024 05:58:36.690,8.877,8.872,2700,900
24.06.2024 05:58:40.103,8.876000000000001,8.872,5400.0001,5400.0001
24.06.2024 05:58:40.806,8.876000000000001,8.870000000000001,900,2700
24.06.2024 05:58:46.806,8.875,8.870000000000001,900,900
24.06.2024 05:58:48.011,8.876000000000001,8.870000000000001,900,900
24.06.2024 05:58:50.371,8.874,8.871,900,900
24.06.2024 05:58:51.275,8.875,8.871,900,900
24.06.2024 05:58:52.380,8.874,8.870000000000001,900,6300.0002
24.06.2024 05:58:56.892,8.875,8.870000000000001,900,6300.0002
24.06.2024 05:59:00.554,8.875,8.869,900,6300.0002
24.06.2024 05:59:00.705,8.874,8.871,900,900
24.06.2024 05:59:00.806,8.875,8.871,900,900
24.06.2024 05:59:00.957,8.875,8.870000000000001,900,6300.0002
24.06.2024 05:59:02.212,8.874,8.870000000000001,900,1800
24.06.2024 05:59:04.068,8.874,8.871,900,900
24.06.2024 05:59:05.876,8.875,8.869,900,3599.9999
24.06.2024 05:59:14.056,8.875,8.870000000000001,900,6300.0002
24.06.2024 05:59:17.528,8.875,8.871,900,900
24.06.2024 05:59:43.427,8.875,8.869,900,6300.0002
24.06.2024 05:59:43.980,8.874,8.871,900,900
24.06.2024 05:59:49.299,8.874,8.870000000000001,900,6300.0002
24.06.2024 05:59:49.701,8.875,8.870000000000001,900,900
24.06.2024 05:59:49.802,8.875,8.869,900,5400.0001
24.06.2024 06:00:00.063,8.875,8.870000000000001,900,900
24.06.2024 06:00:00.165,8.874,8.872,900,900
24.06.2024 06:00:00.521,8.876000000000001,8.871,5400.0001,2700
24.06.2024 06:00:01.377,8.875,8.873,5400.0001,900
24.06.2024 06:00:07.755,8.876000000000001,8.871,2700,5400.0001
24.06.2024 06:00:08.960,8.876000000000001,8.872,900,2700
24.06.2024 06:00:15.884,8.876000000000001,8.871,2700,5400.0001
24.06.2024 06:00:28.246,8.875,8.871,900,5400.0001
24.06.2024 06:00:28.348,8.873,8.870000000000001,900,2700
24.06.2024 06:00:28.499,8.873,8.869,900,2700
24.06.2024 06:00:29.555,8.873,8.870000000000001,2700,2700
24.06.2024 06:00:36.385,8.873,8.869,900,2700
24.06.2024 06:00:39.096,8.873,8.870000000000001,5400.0001,5400.0001
24.06.2024 06:00:39.498,8.873,8.871,900,900
24.06.2024 06:00:39.852,8.873,8.870000000000001,900,2700
24.06.2024 06:00:40.857,8.873,8.871,900,900
24.06.2024 06:00:41.460,8.873,8.870000000000001,2700,5400.0001
24.06.2024 06:00:51.194,8.872,8.869,900,1800
24.06.2024 06:00:51.246,8.871,8.868,900,2700
24.06.2024 06:00:51.649,8.871,8.867,900,5400.0001
24.06.2024 06:00:51.751,8.870000000000001,8.867,5400.0001,5400.0001
24.06.2024 06:00:51.852,8.869,8.867,900,4500
24.06.2024 06:00:51.953,8.871,8.866,5400.0001,900
24.06.2024 06:00:52.055,8.870000000000001,8.866,900,900
24.06.2024 06:00:52.709,8.871,8.866,5400.0001,2700
24.06.2024 06:00:55.522,8.869,8.866,5400.0001,5400.0001
24.06.2024 06:00:56.126,8.869,8.867,900,900
24.06.2024 06:00:58.237,8.870000000000001,8.865,5400.0001,5400.0001
24.06.2024 06:01:03.517,8.871,8.866,5400.0001,5400.0001
24.06.2024 06:01:05.024,8.870000000000001,8.866,900,2700
24.06.2024 06:01:05.176,8.871,8.866,2700,2700
24.06.2024 06:01:16.278,8.869,8.867,900,2700
24.06.2024 06:01:16.381,8.869,8.866,5400.0001,5400.0001
24.06.2024 06:01:24.408,8.870000000000001,8.866,900,900
24.06.2024 06:01:24.559,8.871,8.866,5400.0001,900
24.06.2024 06:01:24.660,8.869,8.867,5400.0001,900
24.06.2024 06:01:24.761,8.870000000000001,8.865,5400.0001,5400.0001
24.06.2024 06:01:32.234,8.871,8.866,5400.0001,900
24.06.2024 06:01:32.587,8.870000000000001,8.866,900,900
24.06.2024 06:01:32.688,8.869,8.866,5400.0001,5400.0001
24.06.2024 06:01:40.622,8.870000000000001,8.867,5400.0001,900
24.06.2024 06:01:40.723,8.870000000000001,8.866,900,900
24.06.2024 06:01:43.335,8.870000000000001,8.865,2700,5400.0001
24.06.2024 06:02:22.222,8.868,8.865,900,6300.0002
24.06.2024 06:02:24.183,8.869,8.865,900,900
24.06.2024 06:02:24.636,8.869,8.864,900,5400.0001
24.06.2024 06:02:25.089,8.870000000000001,8.864,2700,5400.0001
24.06.2024 06:02:27.448,8.869,8.864,900,5400.0001
24.06.2024 06:02:27.801,8.869,8.865,2700,900
24.06.2024 06:02:29.458,8.868,8.865,900,5400.0001
24.06.2024 06:02:30.463,8.868,8.866,900,900
24.06.2024 06:02:30.866,8.870000000000001,8.865,5400.0001,900
24.06.2024 06:02:39.088,8.870000000000001,8.864,2700,5400.0001
24.06.2024 06:02:39.239,8.869,8.864,900,5400.0001
24.06.2024 06:02:39.742,8.869,8.865,900,900
24.06.2024 06:02:39.944,8.870000000000001,8.865,5400.0001,5400.0001
24.06.2024 06:02:42.507,8.869,8.865,900,900
24.06.2024 06:02:44.616,8.868,8.865,2700,4500
24.06.2024 06:03:01.535,8.868,8.864,900,900
24.06.2024 06:03:01.637,8.869,8.864,5400.0001,5400.0001
24.06.2024 06:03:18.066,8.868,8.864,900,900
24.06.2024 06:03:18.418,8.868,8.863,900,5400.0001
24.06.2024 06:03:18.720,8.868,8.864,2700,5400.0001
24.06.2024 06:03:18.821,8.868,8.865,2700,900
24.06.2024 06:03:20.480,8.869,8.865,2700,900
24.06.2024 06:03:24.595,8.868,8.865,2700,5400.0001
24.06.2024 06:03:31.068,8.867,8.864,900,5400.0001
24.06.2024 06:03:32.072,8.868,8.865,2700,900
24.06.2024 06:03:33.379,8.867,8.864,900,5400.0001
24.06.2024 06:03:33.981,8.868,8.864,900,900
24.06.2024 06:03:34.183,8.868,8.865,5400.0001,900
24.06.2024 06:03:41.088,8.868,8.863,900,5400.0001
24.06.2024 06:03:46.514,8.867,8.865,2700,900
24.06.2024 06:03:48.524,8.868,8.863,2700,5400.0001
24.06.2024 06:03:49.980,8.868,8.864,2700,900
24.06.2024 06:03:50.283,8.868,8.865,2700,900
24.06.2024 06:04:12.755,8.869,8.866,5400.0001,900
24.06.2024 06:04:16.271,8.869,8.865,900,900
24.06.2024 06:04:25.449,8.869,8.866,2700,900
24.06.2024 06:04:34.940,8.868,8.866,900,900
24.06.2024 06:04:36.648,8.870000000000001,8.865,5400.0001,900
24.06.2024 06:04:46.700,8.868,8.866,900,5400.0001
24.06.2024 06:04:49.464,8.869,8.866,5400.0001,5400.0001
24.06.2024 06:04:55.537,8.868,8.866,900,900
24.06.2024 06:05:00.556,8.868,8.865,900,2700
24.06.2024 06:05:04.774,8.868,8.866,900,900
24.06.2024 06:05:07.937,8.869,8.866,5400.0001,5400.0001
24.06.2024 06:05:19.456,8.870000000000001,8.866,900,900
24.06.2024 06:05:19.557,8.870000000000001,8.867,4500,5400.0001
24.06.2024 06:05:26.285,8.870000000000001,8.868,900,900
24.06.2024 06:05:28.597,8.871,8.866,900,2700
24.06.2024 06:05:35.069,8.871,8.867,2700,900
24.06.2024 06:05:41.195,8.872,8.867,5400.0001,900
24.06.2024 06:05:47.616,8.871,8.867,900,900
24.06.2024 06:05:47.867,8.871,8.866,900,2700
24.06.2024 06:05:54.842,8.871,8.867,900,4500
24.06.2024 06:06:10.601,8.871,8.868,5400.0001,900
24.06.2024 06:06:11.708,8.871,8.867,900,900
24.06.2024 06:06:14.215,8.870000000000001,8.867,900,5400.0001
24.06.2024 06:06:48.395,8.870000000000001,8.868,2700,900
24.06.2024 06:06:48.496,8.871,8.868,5400.0001,5400.0001
24.06.2024 06:07:33.402,8.871,8.866,5400.0001,5400.0001
24.06.2024 06:07:46.985,8.870000000000001,8.866,900,900
24.06.2024 06:07:53.261,8.870000000000001,8.865,5400.0001,5400.0001
24.06.2024 06:07:58.279,8.868,8.866,900,5400.0001
24.06.2024 06:07:58.380,8.868,8.865,5400.0001,5400.0001
24.06.2024 06:08:00.539,8.868,8.866,900,900
24.06.2024 06:08:03.500,8.869,8.864,2700,5400.0001
24.06.2024 06:08:12.265,8.868,8.866,5400.0001,900
24.06.2024 06:08:15.179,8.869,8.864,2700,5400.0001
24.06.2024 06:08:16.138,8.869,8.865,900,900
24.06.2024 06:08:35.955,8.870000000000001,8.865,5400.0001,900
24.06.2024 06:08:36.107,8.870000000000001,8.866,5400.0001,900
24.06.2024 06:08:44.185,8.869,8.866,5400.0001,5400.0001
24.06.2024 06:09:06.335,8.868,8.866,900,4500
24.06.2024 06:09:06.436,8.868,8.865,5400.0001,5400.0001
24.06.2024 06:09:07.089,8.868,8.864,900,900
24.06.2024 06:09:07.491,8.869,8.864,5400.0001,2700
24.06.2024 06:09:42.402,8.868,8.866,5400.0001,900
24.06.2024 06:09:42.704,8.868,8.865,900,2700
24.06.2024 06:09:45.716,8.869,8.865,2700,900
24.06.2024 06:09:45.868,8.868,8.865,2700,5400.0001
24.06.2024 06:09:46.320,8.868,8.866,2700,900
24.06.2024 06:09:51.740,8.870000000000001,8.865,5400.0001,900
24.06.2024 06:10:17.708,8.869,8.865,900,5400.0001
24.06.2024 06:10:43.052,8.869,8.864,900,900
24.06.2024 06:10:43.105,8.867,8.863,900,2700
24.06.2024 06:10:43.206,8.866,8.863,900,900
24.06.2024 06:10:43.307,8.867,8.861,900,5400.0001
24.06.2024 06:10:43.458,8.866,8.863,900,900
24.06.2024 06:10:44.311,8.866,8.862,900,5400.0001
24.06.2024 06:10:44.714,8.866,8.861,900,900
24.06.2024 06:10:45.417,8.867,8.861,900,900
24.06.2024 06:10:52.092,8.865,8.861,900,6300.0002
24.06.2024 06:10:54.003,8.866,8.861,900,900
24.06.2024 06:10:54.255,8.865,8.861,900,2700
24.06.2024 06:10:55.613,8.865,8.862,900,900
24.06.2024 06:10:57.270,8.865,8.861,900,5400.0001
24.06.2024 06:11:01.791,8.866,8.861,900,900
24.06.2024 06:11:09.019,8.866,8.86,900,2700
24.06.2024 06:11:16.392,8.866,8.861,900,900
24.06.2024 06:11:21.098,8.865,8.861,900,5400.0001
24.06.2024 06:11:31.840,8.864,8.861,900,900
24.06.2024 06:11:39.819,8.866,8.861,5400.0001,900
24.06.2024 06:11:47.697,8.865,8.863,900,900
24.06.2024 06:11:49.707,8.865,8.861,900,2700
24.06.2024 06:11:50.059,8.866,8.861,900,900
24.06.2024 06:12:04.277,8.866,8.86,900,2700
24.06.2024 06:12:05.684,8.863,8.86,900,900
24.06.2024 06:12:23.199,8.863,8.858,900,4500
24.06.2024 06:12:23.250,8.861,8.857000000000001,900,2700
24.06.2024 06:12:23.351,8.86,8.856,900,2700
24.06.2024 06:12:23.956,8.86,8.855,900,900
24.06.2024 06:12:24.309,8.86,8.854,900,2700
24.06.2024 06:12:24.511,8.86,8.855,900,900
24.06.2024 06:12:25.115,8.861,8.855,900,900
24.06.2024 06:12:25.872,8.861,8.856,900,900
24.06.2024 06:12:26.375,8.86,8.856,900,5400.0001
24.06.2024 06:12:26.527,8.86,8.855,900,5400.0001
24.06.2024 06:12:27.530,8.861,8.856,2700,5400.0001
24.06.2024 06:12:27.983,8.86,8.856,900,2700
24.06.2024 06:12:28.285,8.857000000000001,8.854,900,2700
24.06.2024 06:12:30.295,8.857000000000001,8.855,900,900
24.06.2024 06:12:30.547,8.858,8.853,900,5400.0001
24.06.2024 06:12:38.211,8.859,8.853,900,2700
24.06.2024 06:12:38.967,8.859,8.854,900,900
24.06.2024 06:12:53.663,8.859,8.853,900,2700
24.06.2024 06:13:10.226,8.859,8.855,900,2700
24.06.2024 06:13:10.327,8.859,8.856,900,900
24.06.2024 06:13:13.191,8.86,8.854,900,2700
24.06.2024 06:13:17.542,8.86,8.855,900,900
24.06.2024 06:13:25.070,8.859,8.855,900,2700
24.06.2024 06:13:37.914,8.86,8.855,900,900
24.06.2024 06:13:38.016,8.861,8.855,900,2700
24.06.2024 06:13:39.873,8.859,8.856,900,5400.0001
24.06.2024 06:13:48.147,8.859,8.855,900,2700
24.06.2024 06:14:02.097,8.86,8.855,5400.0001,5400.0001
24.06.2024 06:14:14.697,8.859,8.855,900,2700
24.06.2024 06:14:19.815,8.858,8.855,900,5400.0001
24.06.2024 06:14:23.328,8.858,8.853,900,900
24.06.2024 06:14:23.429,8.856,8.853,900,900
24.06.2024 06:14:25.590,8.858,8.852,2700,900
24.06.2024 06:14:31.314,8.859,8.853,900,900
24.06.2024 06:14:31.817,8.858,8.853,900,2700
24.06.2024 06:14:32.019,8.858,8.852,900,2700
24.06.2024 06:14:33.130,8.857000000000001,8.854,900,900
24.06.2024 06:14:34.635,8.856,8.853,900,4500
24.06.2024 06:14:34.737,8.855,8.852,5400.0001,2700
24.06.2024 06:14:36.648,8.856,8.852,2700,900
24.06.2024 06:14:37.001,8.856,8.851,5400.0001,5400.0001
24.06.2024 06:14:37.152,8.855,8.853,2700,900
24.06.2024 06:14:41.267,8.856,8.853,5400.0001,900
24.06.2024 06:15:12.239,8.856,8.852,900,2700
24.06.2024 06:15:12.692,8.857000000000001,8.852,5400.0001,5400.0001
24.06.2024 06:15:14.097,8.856,8.852,900,900
24.06.2024 06:15:16.856,8.856,8.853,5400.0001,2700
24.06.2024 06:15:21.479,8.855,8.853,900,900
24.06.2024 06:15:28.004,8.856,8.853,5400.0001,2700
24.06.2024 06:15:42.458,8.856,8.854,5400.0001,900
24.06.2024 06:15:43.113,8.856,8.853,900,2700
24.06.2024 06:15:43.264,8.856,8.854,900,900
24.06.2024 06:15:45.822,8.857000000000001,8.852,5400.0001,5400.0001
24.06.2024 06:15:50.103,8.855,8.853,900,5400.0001
24.06.2024 06:16:00.085,8.855,8.852,2700,2700
24.06.2024 06:16:00.789,8.856,8.852,900,900
24.06.2024 06:16:01.141,8.856,8.851,900,5400.0001
24.06.2024 06:16:18.204,8.854,8.852,900,2700
24.06.2024 06:16:18.305,8.853,8.851,900,2700
24.06.2024 06:16:31.811,8.853,8.85,5400.0001,2700
24.06.2024 06:16:34.071,8.853,8.851,900,900
24.06.2024 06:16:40.395,8.854,8.849,900,2700
24.06.2024 06:16:45.364,8.854,8.85,5400.0001,900
24.06.2024 06:16:48.978,8.855,8.85,2700,2700
24.06.2024 06:16:58.567,8.854,8.852,5400.0001,900
24.06.2024 06:17:01.982,8.855,8.85,5400.0001,2700
24.06.2024 06:17:12.572,8.854,8.852,900,900
24.06.2024 06:17:14.629,8.855,8.85,900,2700
24.06.2024 06:17:14.731,8.855,8.851,900,900
24.06.2024 06:17:22.811,8.856,8.851,5400.0001,2700
24.06.2024 06:17:55.879,8.855,8.853,4500,900
24.06.2024 06:17:55.930,8.859,8.854,7199.9998,5400.0001
24.06.2024 06:17:56.031,8.858,8.856,900,900
24.06.2024 06:17:56.383,8.858,8.855,5400.0001,2700
24.06.2024 06:17:58.794,8.858,8.856,5400.0001,900
24.06.2024 06:17:58.895,8.86,8.855,5400.0001,5400.0001
24.06.2024 06:18:00.904,8.858,8.856,900,900
24.06.2024 06:18:05.973,8.858,8.855,900,5400.0001
24.06.2024 06:18:16.973,8.859,8.855,5400.0001,900
24.06.2024 06:18:25.397,8.859,8.854,5400.0001,5400.0001
24.06.2024 06:18:41.615,8.858,8.854,900,900
24.06.2024 06:18:46.337,8.859,8.854,5400.0001,5400.0001
24.06.2024 06:18:59.147,8.858,8.853,5400.0001,2700
24.06.2024 06:18:59.248,8.857000000000001,8.853,900,2700
24.06.2024 06:18:59.450,8.857000000000001,8.854,2700,900
24.06.2024 06:19:44.350,8.857000000000001,8.853,900,5400.0001
24.06.2024 06:19:50.719,8.857000000000001,8.851,900,3599.9999
24.06.2024 06:19:54.587,8.856,8.851,900,900
24.06.2024 06:19:54.688,8.855,8.851,900,3599.9999
24.06.2024 06:20:02.017,8.855,8.852,900,900
24.06.2024 06:20:02.118,8.857000000000001,8.851,900,900
24.06.2024 06:20:03.073,8.857000000000001,8.852,900,900
24.06.2024 06:20:03.174,8.857000000000001,8.853,900,900
24.06.2024 06:20:06.198,8.856,8.852,900,3599.9999
24.06.2024 06:20:06.299,8.856,8.85,900,2700
24.06.2024 06:20:17.689,8.856,8.852,900,900
24.06.2024 06:20:17.790,8.856,8.851,5400.0001,4500
24.06.2024 06:20:17.991,8.856,8.852,900,900
24.06.2024 06:20:37.409,8.856,8.853,5400.0001,5400.0001
24.06.2024 06:20:41.174,8.857000000000001,8.853,2700,900
24.06.2024 06:20:41.275,8.858,8.853,5400.0001,2700
24.06.2024 06:20:57.272,8.857000000000001,8.853,900,4500
24.06.2024 06:21:45.679,8.857000000000001,8.854,5400.0001,2700
24.06.2024 06:21:47.638,8.856,8.854,900,5400.0001
24.06.2024 06:22:05.485,8.858,8.853,5400.0001,5400.0001
24.06.2024 06:22:19.897,8.856,8.854,900,5400.0001
24.06.2024 06:22:19.998,8.856,8.853,5400.0001,2700
24.06.2024 06:22:20.201,8.857000000000001,8.853,2700,900
24.06.2024 06:22:20.352,8.857000000000001,8.854,2700,5400.0001
24.06.2024 06:22:21.711,8.856,8.854,900,5400.0001
24.06.2024 06:22:21.913,8.858,8.852,900,900
24.06.2024 06:22:22.215,8.856,8.852,900,3599.9999
24.06.2024 06:22:22.317,8.856,8.851,900,900
24.06.2024 06:22:22.518,8.857000000000001,8.851,900,900
24.06.2024 06:22:29.041,8.856,8.851,900,900
24.06.2024 06:22:32.002,8.857000000000001,8.851,900,900
24.06.2024 06:22:38.425,8.855,8.853,900,900
24.06.2024 06:22:47.470,8.856,8.851,5400.0001,2700
24.06.2024 06:22:48.174,8.856,8.852,900,900
24.06.2024 06:22:50.981,8.855,8.852,900,5400.0001
24.06.2024 06:22:58.708,8.854,8.852,900,5400.0001
24.06.2024 06:23:02.421,8.856,8.851,2700,5400.0001
24.06.2024 06:23:02.924,8.855,8.853,900,900
24.06.2024 06:23:35.388,8.855,8.852,5400.0001,2700
24.06.2024 06:23:53.898,8.856,8.852,5400.0001,900
24.06.2024 06:24:05.562,8.856,8.851,900,5400.0001
24.06.2024 06:24:18.304,8.855,8.851,900,2700
24.06.2024 06:24:18.406,8.854,8.851,5400.0001,2700
24.06.2024 06:24:21.467,8.855,8.851,2700,900
24.06.2024 06:24:28.586,8.856,8.851,5400.0001,2700
24.06.2024 06:24:28.739,8.855,8.851,900,5400.0001
24.06.2024 06:24:32.754,8.856,8.851,5400.0001,5400.0001
24.06.2024 06:24:35.136,8.855,8.853,2700,900
24.06.2024 06:24:54.150,8.856,8.851,5400.0001,5400.0001
24.06.2024 06:25:08.196,8.855,8.853,900,900
24.06.2024 06:25:10.878,8.855,8.851,900,5400.0001
24.06.2024 06:25:10.980,8.855,8.85,5400.0001,5400.0001
24.06.2024 06:25:14.947,8.854,8.852,2700,900
24.06.2024 06:25:15.050,8.856,8.851,2700,5400.0001
24.06.2024 06:25:16.607,8.855,8.851,900,5400.0001
24.06.2024 06:25:21.176,8.855,8.85,5400.0001,2700
24.06.2024 06:25:48.067,8.851,8.849,900,1800
24.06.2024 06:25:48.269,8.851,8.847999999999999,5400.0001,2700
24.06.2024 06:25:48.723,8.851,8.849,900,900
24.06.2024 06:26:01.955,8.852,8.849,5400.0001,5400.0001
24.06.2024 06:27:54.440,8.852,8.847999999999999,900,900
24.06.2024 06:27:54.541,8.851,8.847999999999999,900,900
24.06.2024 06:27:54.892,8.851,8.846,900,900
24.06.2024 06:27:54.994,8.85,8.846,900,900
24.06.2024 06:27:55.346,8.85,8.845,900,900
24.06.2024 06:27:55.448,8.851,8.845,900,900
24.06.2024 06:28:13.365,8.849,8.846,900,900
24.06.2024 06:28:23.659,8.847999999999999,8.845,900,4500
24.06.2024 06:28:23.760,8.847999999999999,8.842,900,3599.9999
24.06.2024 06:28:23.861,8.846,8.843,900,900
24.06.2024 06:28:23.963,8.847999999999999,8.842,900,900
24.06.2024 06:28:24.315,8.846,8.843,900,900
24.06.2024 06:28:24.466,8.847000000000001,8.841000000000001,900,5400.0001
24.06.2024 06:28:28.487,8.847000000000001,8.842,900,900
24.06.2024 06:28:34.212,8.846,8.842,900,2700
24.06.2024 06:28:39.578,8.846,8.843,900,900
24.06.2024 06:28:40.585,8.847999999999999,8.842,900,900
24.06.2024 06:28:43.617,8.846,8.842,900,5400.0001
24.06.2024 06:28:43.869,8.847000000000001,8.842,900,900
24.06.2024 06:28:45.577,8.847000000000001,8.843,900,2700
24.06.2024 06:29:00.228,8.847999999999999,8.843,900,900
24.06.2024 06:29:23.804,8.847999999999999,8.844,900,5400.0001
24.06.2024 06:29:23.905,8.85,8.844,900,5400.0001
24.06.2024 06:29:24.006,8.849,8.846,900,900
24.06.2024 06:29:24.359,8.851,8.845,900,900
24.06.2024 06:29:32.239,8.85,8.847000000000001,900,900
24.06.2024 06:29:32.944,8.85,8.846,900,2700
24.06.2024 06:29:35.857,8.849,8.844,900,900
24.06.2024 06:29:36.612,8.849,8.846,900,900
24.06.2024 06:29:37.114,8.85,8.844,900,5400.0001
24.06.2024 06:29:38.118,8.849,8.844,900,900
24.06.2024 06:29:46.401,8.849,8.845,900,5400.0001
24.06.2024 06:29:50.615,8.849,8.846,900,900
24.06.2024 06:29:52.347,8.85,8.846,5400.0001,5400.0001
24.06.2024 06:29:57.066,8.85,8.845,900,5400.0001
24.06.2024 06:29:57.168,8.85,8.844,900,5400.0001
24.06.2024 06:29:57.921,8.847999999999999,8.845,900,2700
24.06.2024 06:29:58.276,8.847999999999999,8.844,900,5400.0001
24.06.2024 06:29:58.831,8.847999999999999,8.845,900,900
24.06.2024 06:30:00.087,8.85,8.844,900,5400.0001
24.06.2024 06:30:00.239,8.849,8.846,900,900
24.06.2024 06:30:00.340,8.849,8.845,900,5400.0001
24.06.2024 06:30:01.445,8.85,8.845,900,900
24.06.2024 06:30:13.438,8.849,8.847000000000001,900,900
24.06.2024 06:30:18.157,8.85,8.845,5400.0001,2700
24.06.2024 06:30:28.802,8.849,8.845,900,900
24.06.2024 06:30:34.472,8.849,8.844,2700,2700
24.06.2024 06:30:38.488,8.851,8.845,3599.9999,900
24.06.2024 06:30:39.694,8.851,8.846,900,900
24.06.2024 06:30:39.795,8.851,8.847000000000001,2700,900
24.06.2024 06:30:44.366,8.852,8.849,900,900
24.06.2024 06:30:44.468,8.855,8.849,3599.9999,900
24.06.2024 06:30:55.037,8.854,8.851,900,900
24.06.2024 06:30:56.543,8.855,8.849,900,900
24.06.2024 06:30:57.346,8.855,8.85,900,900
24.06.2024 06:30:58.801,8.855,8.851,2700,900
24.06.2024 06:30:59.002,8.854,8.85,900,900
24.06.2024 06:31:00.512,8.854,8.851,900,900
24.06.2024 06:31:05.779,8.854,8.85,900,900
24.06.2024 06:31:08.541,8.854,8.851,900,900
24.06.2024 06:31:13.109,8.855,8.849,900,900
24.06.2024 06:31:23.500,8.855,8.85,900,900
24.06.2024 06:31:24.253,8.854,8.85,900,900
24.06.2024 06:31:31.736,8.853,8.85,2700,5400.0001
24.06.2024 06:31:36.502,8.854,8.85,2700,900
24.06.2024 06:31:49.603,8.854,8.849,2700,5400.0001
24.06.2024 06:32:04.315,8.853,8.851,900,900
24.06.2024 06:32:05.373,8.854,8.849,2700,5400.0001
24.06.2024 06:32:11.494,8.852,8.85,900,900
24.06.2024 06:32:11.695,8.853,8.85,2700,900
24.06.2024 06:32:12.499,8.854,8.85,5400.0001,900
24.06.2024 06:32:12.801,8.854,8.849,5400.0001,2700
24.06.2024 06:32:13.153,8.852,8.85,5400.0001,900
24.06.2024 06:32:14.158,8.852,8.847999999999999,5400.0001,900
24.06.2024 06:32:14.259,8.851,8.846,5400.0001,5400.0001
24.06.2024 06:32:14.562,8.852,8.847000000000001,2700,5400.0001
24.06.2024 06:33:25.723,8.853,8.85,5400.0001,5400.0001
24.06.2024 06:33:25.824,8.854,8.851,5400.0001,2700
24.06.2024 06:33:59.055,8.855,8.851,900,5400.0001
24.06.2024 06:33:59.156,8.856,8.851,5400.0001,900
24.06.2024 06:33:59.257,8.855,8.85,900,900
24.06.2024 06:33:59.358,8.854,8.85,900,2700
24.06.2024 06:33:59.459,8.854,8.851,900,900
24.06.2024 06:34:03.525,8.854,8.85,900,2700
24.06.2024 06:34:11.405,8.854,8.849,900,900
24.06.2024 06:34:11.557,8.853,8.847000000000001,900,2700
24.06.2024 06:34:11.658,8.851,8.847000000000001,900,6300.0002
24.06.2024 06:34:17.484,8.851,8.847999999999999,5400.0001,5400.0001
24.06.2024 06:34:17.585,8.852,8.846,900,2700
24.06.2024 06:34:25.020,8.85,8.847000000000001,900,900
24.06.2024 06:34:25.222,8.85,8.846,900,7199.9998
24.06.2024 06:34:25.775,8.85,8.847000000000001,900,900
24.06.2024 06:34:33.806,8.85,8.847999999999999,900,900
24.06.2024 06:34:33.907,8.85,8.847000000000001,900,900
24.06.2024 06:34:51.185,8.85,8.846,900,4500
24.06.2024 06:34:55.705,8.85,8.847000000000001,900,900
24.06.2024 06:34:55.907,8.852,8.846,900,900
24.06.2024 06:35:04.342,8.851,8.845,900,5400.0001
24.06.2024 06:35:06.352,8.852,8.846,900,900
24.06.2024 06:35:10.870,8.85,8.847999999999999,900,900
24.06.2024 06:35:13.782,8.851,8.846,2700,5400.0001
24.06.2024 06:35:16.545,8.85,8.846,900,5400.0001
24.06.2024 06:35:19.457,8.85,8.847000000000001,2700,5400.0001
24.06.2024 06:35:27.361,8.851,8.845,900,2700
24.06.2024 06:35:30.675,8.851,8.847000000000001,900,900
24.06.2024 06:35:37.302,8.851,8.846,900,5400.0001
24.06.2024 06:35:37.404,8.85,8.845,900,2700
24.06.2024 06:35:37.505,8.851,8.845,900,2700
24.06.2024 06:35:45.133,8.85,8.845,900,900
24.06.2024 06:35:45.435,8.85,8.844,900,2700
24.06.2024 06:35:50.260,8.849,8.843,900,2700
24.06.2024 06:35:50.562,8.847999999999999,8.845,900,900
24.06.2024 06:35:50.664,8.85,8.844,900,900
24.06.2024 06:36:02.524,8.847999999999999,8.845,900,900
24.06.2024 06:36:02.978,8.85,8.844,900,900
24.06.2024 06:36:10.508,8.847999999999999,8.845,900,900
24.06.2024 06:36:13.169,8.849,8.845,900,900
24.06.2024 06:36:21.106,8.849,8.844,900,900
24.06.2024 06:36:21.257,8.847999999999999,8.844,900,2700
24.06.2024 06:36:22.311,8.847000000000001,8.844,900,900
24.06.2024 06:36:22.412,8.847999999999999,8.844,900,900
24.06.2024 06:36:28.181,8.847999999999999,8.845,900,900
24.06.2024 06:36:28.283,8.849,8.843,900,900
24.06.2024 06:36:36.391,8.847999999999999,8.843,900,900
24.06.2024 06:36:36.442,8.846,8.842,900,6300.0002
24.06.2024 06:36:36.544,8.845,8.841000000000001,900,3599.9999
24.06.2024 06:36:36.897,8.845,8.84,900,900
24.06.2024 06:36:37.701,8.846,8.84,900,900
24.06.2024 06:36:38.103,8.845,8.84,900,900
24.06.2024 06:36:41.466,8.846,8.84,900,900
24.06.2024 06:36:44.126,8.844,8.841000000000001,900,2700
24.06.2024 06:36:51.302,8.846,8.84,900,5400.0001
24.06.2024 06:36:55.821,8.845,8.841000000000001,900,5400.0001
24.06.2024 06:36:57.176,8.844,8.841000000000001,900,5400.0001
24.06.2024 06:36:57.277,8.845,8.841000000000001,900,2700
24.06.2024 06:36:59.686,8.844,8.841000000000001,900,5400.0001
24.06.2024 06:37:02.750,8.846,8.84,2700,2700
24.06.2024 06:37:18.842,8.846,8.841000000000001,2700,5400.0001
24.06.2024 06:37:22.155,8.844,8.84,900,5400.0001
24.06.2024 06:37:22.256,8.843,8.84,900,900
24.06.2024 06:37:22.559,8.845,8.839,900,5400.0001
24.06.2024 06:37:23.463,8.845,8.84,900,900
24.06.2024 06:37:25.270,8.845,8.839,900,5400.0001
24.06.2024 06:37:25.672,8.844,8.841000000000001,900,900
24.06.2024 06:37:29.184,8.845,8.841000000000001,900,5400.0001
24.06.2024 06:38:13.320,8.845,8.84,900,900
24.06.2024 06:38:14.073,8.845,8.839,900,5400.0001
24.06.2024 06:38:14.477,8.843,8.84,900,900
24.06.2024 06:38:14.628,8.844,8.838,900,900
24.06.2024 06:38:14.729,8.842,8.838,900,6300.0002
24.06.2024 06:38:14.830,8.843,8.838,900,900
24.06.2024 06:38:15.434,8.842,8.838,900,2700
24.06.2024 06:38:36.330,8.841000000000001,8.837000000000002,900,5400.0001
24.06.2024 06:38:36.482,8.841000000000001,8.836,900,900
24.06.2024 06:38:36.633,8.842,8.836,900,900
24.06.2024 06:38:46.268,8.841000000000001,8.838,900,900
24.06.2024 06:38:49.783,8.841000000000001,8.837000000000002,900,5400.0001
24.06.2024 06:38:58.617,8.842,8.838,900,900
24.06.2024 06:39:30.104,8.842,8.837000000000002,900,900
24.06.2024 06:39:30.206,8.842,8.836,900,900
24.06.2024 06:39:36.178,8.84,8.836,900,5400.0001
24.06.2024 06:39:36.280,8.839,8.835,900,5400.0001
24.06.2024 06:39:57.180,8.836,8.834,900,4500
24.06.2024 06:39:57.283,8.836,8.832,900,900
24.06.2024 06:39:57.384,8.837000000000002,8.831000000000001,900,2700
24.06.2024 06:40:02.808,8.835,8.832,900,900
24.06.2024 06:40:13.094,8.836,8.83,900,2700
24.06.2024 06:40:13.195,8.836,8.831000000000001,900,900
24.06.2024 06:40:13.949,8.836,8.832,900,900
24.06.2024 06:40:17.215,8.836,8.833,2700,5400.0001
24.06.2024 06:40:42.413,8.837000000000002,8.833,900,900
24.06.2024 06:40:44.572,8.837000000000002,8.832,900,5400.0001
24.06.2024 06:40:47.534,8.837000000000002,8.831000000000001,900,2700
24.06.2024 06:40:47.636,8.836,8.83,900,2700
24.06.2024 06:40:47.737,8.835,8.829,900,3599.9999
24.06.2024 06:40:48.441,8.833,8.83,900,5400.0001
24.06.2024 06:40:48.944,8.834,8.83,900,6300.0002
24.06.2024 06:40:49.296,8.834,8.828,900,3599.9999
24.06.2024 06:40:49.397,8.833,8.828,900,2700
24.06.2024 06:40:49.498,8.833,8.827,900,6300.0002
24.06.2024 06:40:49.600,8.832,8.829,900,900
24.06.2024 06:40:49.701,8.834,8.828,900,2700
24.06.2024 06:40:51.108,8.833,8.83,900,900
24.06.2024 06:40:51.209,8.835,8.831000000000001,900,900
24.06.2024 06:40:59.040,8.834,8.83,900,2700
24.06.2024 06:40:59.143,8.833,8.829,900,5400.0001
24.06.2024 06:41:01.255,8.832,8.829,900,900
24.06.2024 06:41:04.718,8.833,8.827,900,3599.9999
24.06.2024 06:41:04.819,8.832,8.827,900,900
24.06.2024 06:41:05.021,8.832,8.828,1800,900
24.06.2024 06:41:10.441,8.829,8.825000000000001,5400.0001,900
24.06.2024 06:41:10.543,8.828,8.822000000000001,900,900
24.06.2024 06:41:10.695,8.827,8.822000000000001,900,2700
24.06.2024 06:41:11.825,8.828,8.822000000000001,900,5400.0001
24.06.2024 06:41:12.076,8.826,8.823,900,5400.0001
24.06.2024 06:41:13.980,8.827,8.823,2700,5400.0001
24.06.2024 06:41:17.694,8.828,8.823,5400.0001,5400.0001
24.06.2024 06:41:25.175,8.829,8.825000000000001,900,900
24.06.2024 06:41:25.276,8.832,8.827,2700,5400.0001
24.06.2024 06:41:25.377,8.833,8.828,5400.0001,2700
24.06.2024 06:41:25.479,8.831000000000001,8.828,900,5400.0001
24.06.2024 06:41:26.887,8.832,8.828,900,900
24.06.2024 06:41:31.254,8.832,8.829,5400.0001,2700
24.06.2024 06:41:32.258,8.833,8.829,900,900
24.06.2024 06:41:34.969,8.832,8.829,2700,5400.0001
24.06.2024 06:41:40.493,8.833,8.829,900,900
24.06.2024 06:41:43.409,8.832,8.829,900,5400.0001
24.06.2024 06:41:44.113,8.832,8.83,900,900
24.06.2024 06:41:44.315,8.833,8.828,900,5400.0001
24.06.2024 06:41:49.012,8.832,8.83,900,900
24.06.2024 06:41:49.114,8.834,8.829,5400.0001,900
24.06.2024 06:41:49.215,8.832,8.829,900,2700
24.06.2024 06:41:49.468,8.831000000000001,8.829,2700,900
24.06.2024 06:41:53.080,8.832,8.827,2700,5400.0001
24.06.2024 06:41:58.499,8.831000000000001,8.829,2700,900
24.06.2024 06:41:58.801,8.833,8.828,5400.0001,900
24.06.2024 06:42:03.521,8.832,8.828,900,5400.0001
24.06.2024 06:42:03.622,8.831000000000001,8.828,900,5400.0001
24.06.2024 06:42:23.399,8.832,8.828,900,900
24.06.2024 06:42:23.500,8.832,8.829,2700,900
24.06.2024 06:42:23.602,8.831000000000001,8.829,900,900
24.06.2024 06:42:23.803,8.833,8.828,2700,900
24.06.2024 06:42:24.606,8.832,8.828,900,2700
24.06.2024 06:42:28.504,8.832,8.827,900,900
24.06.2024 06:42:34.328,8.832,8.828,900,2700
24.06.2024 06:42:35.433,8.832,8.827,900,900
24.06.2024 06:42:37.490,8.831000000000001,8.826,900,2700
24.06.2024 06:42:37.692,8.831000000000001,8.825000000000001,2700,2700
24.06.2024 06:42:37.844,8.829,8.826,900,5400.0001
24.06.2024 06:42:38.749,8.829,8.827,900,5400.0001
24.06.2024 06:42:38.851,8.831000000000001,8.826,5400.0001,2700
24.06.2024 06:42:39.254,8.831000000000001,8.828,5400.0001,900
24.06.2024 06:42:50.098,8.831000000000001,8.827,900,4949.9998
24.06.2024 06:42:50.199,8.831000000000001,8.826,900,5400.0001
24.06.2024 06:43:00.641,8.832,8.826,5400.0001,5400.0001
24.06.2024 06:43:00.793,8.831000000000001,8.828,5400.0001,900
24.06.2024 06:43:00.894,8.831000000000001,8.826,5400.0001,2700
24.06.2024 06:43:02.902,8.829,8.827,900,5400.0001
24.06.2024 06:43:03.104,8.831000000000001,8.826,2700,900
24.06.2024 06:43:06.173,8.83,8.826,900,900
24.06.2024 06:43:20.070,8.83,8.827,5400.0001,2700
24.06.2024 06:43:25.641,8.831000000000001,8.827,5400.0001,900
24.06.2024 06:43:26.093,8.831000000000001,8.826,5400.0001,2700
24.06.2024 06:43:28.552,8.83,8.828,5400.0001,900
24.06.2024 06:43:28.805,8.83,8.827,2700,5400.0001
24.06.2024 06:43:38.996,8.83,8.826,1800,900
24.06.2024 06:43:39.097,8.828,8.826,900,5400.0001
24.06.2024 06:43:39.199,8.83,8.825000000000001,5400.0001,5400.0001
24.06.2024 06:43:39.300,8.828,8.826,900,900
24.06.2024 06:43:39.501,8.829,8.826,2700,5400.0001
24.06.2024 06:43:59.140,8.829,8.827,5400.0001,900
24.06.2024 06:44:00.094,8.831000000000001,8.826,5400.0001,5400.0001
24.06.2024 06:44:01.149,8.83,8.826,900,5400.0001
24.06.2024 06:44:01.601,8.83,8.825000000000001,900,2700
24.06.2024 06:44:02.758,8.829,8.824,900,5400.0001
24.06.2024 06:44:10.289,8.827,8.824,900,2700
24.06.2024 06:44:10.794,8.828,8.822000000000001,900,5400.0001
24.06.2024 06:44:14.662,8.828,8.823,900,900
24.06.2024 06:44:14.914,8.827,8.823,900,2700
24.06.2024 06:44:16.269,8.827,8.822000000000001,900,900
24.06.2024 06:44:20.082,8.826,8.821,900,2700
24.06.2024 06:44:24.348,8.826,8.82,900,2700
24.06.2024 06:44:26.257,8.825000000000001,8.82,900,5400.0001
24.06.2024 06:45:06.147,8.825000000000001,8.821,5400.0001,900
24.06.2024 06:45:07.203,8.826,8.821,5400.0001,2700
24.06.2024 06:45:07.304,8.825000000000001,8.821,900,900
24.06.2024 06:45:08.260,8.825000000000001,8.82,5400.0001,5400.0001
24.06.2024 06:45:16.092,8.825000000000001,8.821,900,900
24.06.2024 06:45:17.297,8.825000000000001,8.82,900,5400.0001
24.06.2024 06:45:20.058,8.824,8.82,900,4500
24.06.2024 06:45:20.310,8.823,8.82,900,5400.0001
24.06.2024 06:45:20.813,8.823,8.821,900,900
24.06.2024 06:45:21.265,8.825000000000001,8.82,5400.0001,5400.0001
24.06.2024 06:45:24.378,8.824,8.822000000000001,5400.0001,900
24.06.2024 06:45:44.859,8.826,8.821,5400.0001,5400.0001
24.06.2024 06:46:34.789,8.824,8.822000000000001,900,900
24.06.2024 06:46:36.597,8.825000000000001,8.822000000000001,1800,900
24.06.2024 06:46:37.400,8.825000000000001,8.821,1800,900
24.06.2024 06:46:43.378,8.827,8.821,5400.0001,900
24.06.2024 06:46:45.638,8.826,8.821,900,900
24.06.2024 06:46:47.045,8.825000000000001,8.821,900,900
24.06.2024 06:46:53.469,8.825000000000001,8.822000000000001,900,900
24.06.2024 06:46:53.570,8.827,8.822000000000001,2700,900
24.06.2024 06:46:57.887,8.828,8.822000000000001,4500,900
24.06.2024 06:46:59.116,8.827,8.822000000000001,900,900
24.06.2024 06:46:59.368,8.828,8.822000000000001,4500,900
24.06.2024 06:47:02.929,8.827,8.822000000000001,1800,900
24.06.2024 06:47:04.085,8.826,8.822000000000001,1800,900
24.06.2024 06:47:08.552,8.826,8.821,900,900
24.06.2024 06:47:12.316,8.826,8.822000000000001,3599.9999,900
24.06.2024 06:47:13.019,8.826,8.821,900,900
24.06.2024 06:47:44.742,8.826,8.82,2700,900
24.06.2024 06:47:44.844,8.825000000000001,8.822000000000001,2700,900
24.06.2024 06:47:44.995,8.827,8.821,2700,900
24.06.2024 06:47:45.096,8.826,8.823,5400.0001,5400.0001
24.06.2024 06:47:46.101,8.829,8.824,3599.9999,900
24.06.2024 06:47:46.203,8.829,8.826,900,900
24.06.2024 06:47:51.177,8.83,8.826,4500,900
24.06.2024 06:47:52.735,8.829,8.826,900,900
24.06.2024 06:47:59.220,8.829,8.825000000000001,2700,900
24.06.2024 06:48:02.631,8.83,8.825000000000001,2700,900
24.06.2024 06:48:06.246,8.831000000000001,8.825000000000001,2700,900
24.06.2024 06:48:08.906,8.83,8.825000000000001,5400.0001,5400.0001
24.06.2024 06:48:20.161,8.83,8.826,5400.0001,900
24.06.2024 06:48:28.894,8.829,8.826,5400.0001,2700
24.06.2024 06:48:29.195,8.829,8.827,2700,900
24.06.2024 06:48:29.649,8.831000000000001,8.826,5400.0001,5400.0001
24.06.2024 06:48:34.116,8.83,8.828,5400.0001,900
24.06.2024 06:48:45.246,8.831000000000001,8.828,2700,5400.0001
24.06.2024 06:48:46.151,8.831000000000001,8.829,900,900
24.06.2024 06:48:47.155,8.831000000000001,8.828,5400.0001,5400.0001
24.06.2024 06:48:59.094,8.83,8.828,900,5400.0001
